<?xml version="1.0" encoding="UTF-8"?>
<!DOCTYPE html PUBLIC "-//W3C//DTD XHTML 1.0 Transitional//EN"
    "http://www.w3.org/TR/xhtml1/DTD/xhtml1-transitional.dtd">
<html xmlns="http://www.w3.org/1999/xhtml" xml:lang="en" lang="en">
 <head>
  <title>
</title>
<meta http-equiv="Content-Type" content="text/html;charset=utf-8" />
  <meta name='ocr-system' content='tesseract 3.04.00' />
  <meta name='ocr-capabilities' content='ocr_page ocr_carea ocr_par ocr_line ocrx_word'/>
</head>
<body>
  <div class='ocr_page' id='page_1' title='image "./syntaxispriscor02holtgoog_0352.png"; bbox 0 0 3036 4766; ppageno 0'>
   <div class='ocr_carea' id='block_1_1' title="bbox 511 161 1291 240">
    <p class='ocr_par' dir='ltr' id='par_1_1' title="bbox 511 161 1291 240">
     <span class='ocr_line' id='line_1_1' title="bbox 511 161 1291 240; baseline 0.033 -39"><span class='ocrx_word' id='word_1_1' title='bbox 511 161 657 202; x_wconf 70' lang='lat' dir='ltr'><strong>uocemue</strong></span> <span class='ocrx_word' id='word_1_2' title='bbox 682 162 916 207; x_wconf 76' lang='lat' dir='ltr'><strong>Ptuuicunaauu.</strong></span> <span class='ocrx_word' id='word_1_3' title='bbox 1229 179 1291 240; x_wconf 85' lang='grc'><strong>333</strong></span> 
     </span>
    </p>
   </div>
   <div class='ocr_carea' id='block_1_2' title="bbox 128 345 1297 4254">
    <p class='ocr_par' dir='ltr' id='par_1_2' title="bbox 133 345 1295 706">
     <span class='ocr_line' id='line_1_2' title="bbox 135 345 1295 430; baseline 0.01 -19"><span class='ocrx_word' id='word_1_4' title='bbox 135 345 265 413; x_wconf 83' lang='lat' dir='ltr'><strong>Terent.</strong></span> <span class='ocrx_word' id='word_1_5' title='bbox 289 348 368 414; x_wconf 86' lang='lat' dir='ltr'><strong>Hoc.</strong></span> <span class='ocrx_word' id='word_1_6' title='bbox 392 350 451 429; x_wconf 90' lang='lat'><strong>111,</strong></span> <span class='ocrx_word' id='word_1_7' title='bbox 478 357 507 430; x_wconf 84' lang='lat'><strong>5,</strong></span> <span class='ocrx_word' id='word_1_8' title='bbox 532 355 585 418; x_wconf 83' lang='lat'><strong>38:</strong></span> <span class='ocrx_word' id='word_1_9' title='bbox 609 355 740 430; x_wconf 76' lang='lat' dir='ltr'><strong>Amoque</strong></span> <span class='ocrx_word' id='word_1_10' title='bbox 761 362 789 416; x_wconf 90' lang='lat' dir='ltr'><strong>ct</strong></span> <span class='ocrx_word' id='word_1_11' title='bbox 810 357 899 418; x_wconf 88' lang='lat' dir='ltr'><strong>laudo</strong></span> <span class='ocrx_word' id='word_1_12' title='bbox 922 362 951 416; x_wconf 85' lang='lat' dir='ltr'><strong>et</strong></span> <span class='ocrx_word' id='word_1_13' title='bbox 973 365 1125 420; x_wconf 77' lang='lat' dir='ltr'><strong>sementen</strong></span> <span class='ocrx_word' id='word_1_14' title='bbox 1145 358 1295 424; x_wconf 85' lang='lat' dir='ltr'><strong>desidero.</strong></span> 
     </span>
     <span class='ocr_line' id='line_1_3' title="bbox 135 443 1295 533; baseline 0.008 -23"><span class='ocrx_word' id='word_1_15' title='bbox 135 443 242 511; x_wconf 86' lang='lat' dir='ltr'><strong>Pluut.</strong></span> <span class='ocrx_word' id='word_1_16' title='bbox 266 446 353 512; x_wconf 83' lang='lat' dir='ltr'><strong>Asin.</strong></span> <span class='ocrx_word' id='word_1_17' title='bbox 378 447 441 526; x_wconf 91' lang='grc' dir='ltr'>ΙΙΙ,</span> <span class='ocrx_word' id='word_1_18' title='bbox 465 453 499 528; x_wconf 83' lang='grc'><strong>2,</strong></span> <span class='ocrx_word' id='word_1_19' title='bbox 523 453 577 518; x_wconf 82' lang='lat'><strong>31:</strong></span> <span class='ocrx_word' id='word_1_20' title='bbox 611 454 653 514; x_wconf 93' lang='lat' dir='ltr'><strong>Ut</strong></span> <span class='ocrx_word' id='word_1_21' title='bbox 674 471 779 526; x_wconf 74' lang='lat' dir='ltr'><strong>meque</strong></span> <span class='ocrx_word' id='word_1_22' title='bbox 801 461 888 528; x_wconf 77' lang='lat' dir='ltr'><strong>taque</strong></span> <span class='ocrx_word' id='word_1_23' title='bbox 907 473 1044 517; x_wconf 73' lang='lat' dir='ltr'><strong>mxuma</strong></span> <span class='ocrx_word' id='word_1_24' title='bbox 1067 461 1155 530; x_wconf 56' lang='lat' dir='ltr'><strong>abac</strong></span> <span class='ocrx_word' id='word_1_25' title='bbox 1176 460 1295 533; x_wconf 79' lang='lat' dir='ltr'><strong>ingenio</strong></span> 
     </span>
     <span class='ocr_line' id='line_1_4' title="bbox 136 545 1294 633; baseline 0.01 -29"><span class='ocrx_word' id='word_1_26' title='bbox 136 551 242 609; x_wconf 86' lang='lat' dir='ltr'><strong>nestro</strong></span> <span class='ocrx_word' id='word_1_27' title='bbox 267 548 377 608; x_wconf 85' lang='lat' dir='ltr'><strong>decuit.</strong></span> <span class='ocrx_word' id='word_1_28' title='bbox 421 545 518 615; x_wconf 87' lang='lat' dir='ltr'><strong>Poen.</strong></span> <span class='ocrx_word' id='word_1_29' title='bbox 541 547 621 627; x_wconf 86' lang='lat' dir='ltr'><strong>prol.</strong></span> <span class='ocrx_word' id='word_1_30' title='bbox 646 567 674 612; x_wconf 91' lang='lat' dir='ltr'><strong>v.</strong></span> <span class='ocrx_word' id='word_1_31' title='bbox 699 555 733 614; x_wconf 89' lang='lat'><strong>3:</strong></span> <span class='ocrx_word' id='word_1_32' title='bbox 763 553 913 628; x_wconf 71' lang='lat' dir='ltr'><strong>sileteque</strong></span> <span class='ocrx_word' id='word_1_33' title='bbox 939 559 967 615; x_wconf 86' lang='lat' dir='ltr'><strong>et</strong></span> <span class='ocrx_word' id='word_1_34' title='bbox 990 560 1090 615; x_wconf 85' lang='lat' dir='ltr'><strong>tacete</strong></span> <span class='ocrx_word' id='word_1_35' title='bbox 1116 559 1205 633; x_wconf 76' lang='lat' dir='ltr'><strong>atque</strong></span> <span class='ocrx_word' id='word_1_36' title='bbox 1231 559 1294 616; x_wconf 88' lang='lat' dir='ltr'><strong>eni-</strong></span> 
     </span>
     <span class='ocr_line' id='line_1_5' title="bbox 133 645 394 706; baseline 0 -2"><span class='ocrx_word' id='word_1_37' title='bbox 133 659 212 704; x_wconf 89' lang='lat' dir='ltr'><strong>mum</strong></span> <span class='ocrx_word' id='word_1_38' title='bbox 237 645 394 706; x_wconf 79' lang='lat' dir='ltr'><strong>advortite.</strong></span> 
     </span>
    </p>

    <p class='ocr_par' dir='ltr' id='par_1_3' title="bbox 129 742 1297 3557">
     <span class='ocr_line' id='line_1_6' title="bbox 223 742 1294 829; baseline 0.005 -19"><span class='ocrx_word' id='word_1_39' title='bbox 223 746 272 810; x_wconf 83' lang='grc'><strong>36.</strong></span> <span class='ocrx_word' id='word_1_40' title='bbox 317 742 417 818; x_wconf 71' lang='lat' dir='ltr'><strong>Atace</strong></span> <span class='ocrx_word' id='word_1_41' title='bbox 439 744 614 810; x_wconf 70' lang='lat' dir='ltr'><strong>mcundum</strong></span> <span class='ocrx_word' id='word_1_42' title='bbox 637 745 799 810; x_wconf 88' lang='lat' dir='ltr'><strong>Haudium</strong></span> <span class='ocrx_word' id='word_1_43' title='bbox 821 745 854 810; x_wconf 90' lang='lat' dir='ltr'><strong>in</strong></span> <span class='ocrx_word' id='word_1_44' title='bbox 871 746 962 812; x_wconf 86' lang='lat' dir='ltr'><strong>Ture.</strong></span> <span class='ocrx_word' id='word_1_45' title='bbox 986 747 1011 823; x_wconf 91' lang='lat' dir='ltr'><strong>I,</strong></span> <span class='ocrx_word' id='word_1_46' title='bbox 1036 767 1065 829; x_wconf 86' lang='lat' dir='ltr'><strong>p.</strong></span> <span class='ocrx_word' id='word_1_47' title='bbox 1089 753 1152 814; x_wconf 80' lang='lat'><strong>452</strong></span> <span class='ocrx_word' id='word_1_48' title='bbox 1175 747 1294 815; x_wconf 88' lang='lat' dir='ltr'><strong>iactum</strong></span> 
     </span>
     <span class='ocr_line' id='line_1_7' title="bbox 135 843 1295 924; baseline 0.008 -20"><span class='ocrx_word' id='word_1_49' title='bbox 135 847 187 904; x_wconf 87' lang='lat' dir='ltr'><strong>est</strong></span> <span class='ocrx_word' id='word_1_50' title='bbox 209 858 247 904; x_wconf 83' lang='lat' dir='ltr'><strong>ex</strong></span> <span class='ocrx_word' id='word_1_51' title='bbox 270 847 315 911; x_wconf 85' lang='lat' dir='ltr'><strong>ot,</strong></span> <span class='ocrx_word' id='word_1_52' title='bbox 343 857 425 922; x_wconf 85' lang='lat' dir='ltr'><strong>qnae</strong></span> <span class='ocrx_word' id='word_1_53' title='bbox 458 855 521 906; x_wconf 92' lang='lat' dir='ltr'><strong>uua</strong></span> <span class='ocrx_word' id='word_1_54' title='bbox 549 859 609 907; x_wconf 86' lang='lat' dir='ltr'><strong>uox</strong></span> <span class='ocrx_word' id='word_1_55' title='bbox 636 843 686 908; x_wconf 85' lang='lat' dir='ltr'><strong>est</strong></span> <span class='ocrx_word' id='word_1_56' title='bbox 715 861 786 908; x_wconf 88' lang='lat' dir='ltr'><strong>cum</strong></span> <span class='ocrx_word' id='word_1_57' title='bbox 810 862 919 924; x_wconf 88' lang='lat' dir='ltr'><strong>praep.</strong></span> <span class='ocrx_word' id='word_1_58' title='bbox 943 849 995 916; x_wconf 84' lang='lat' dir='ltr'><strong>ed,</strong></span> <span class='ocrx_word' id='word_1_59' title='bbox 1026 853 1058 912; x_wconf 91' lang='lat' dir='ltr'><strong>et</strong></span> <span class='ocrx_word' id='word_1_60' title='bbox 1081 866 1143 922; x_wconf 77' lang='lat' dir='ltr'><strong>aaa.</strong></span> <span class='ocrx_word' id='word_1_61' title='bbox 1191 847 1295 913; x_wconf 87' lang='lat' dir='ltr'><strong>Huius</strong></span> 
     </span>
     <span class='ocr_line' id='line_1_8' title="bbox 134 931 1292 1026; baseline 0.006 -24"><span class='ocrx_word' id='word_1_62' title='bbox 134 937 304 1004; x_wconf 87' lang='lat' dir='ltr'><strong>decurtata</strong></span> <span class='ocrx_word' id='word_1_63' title='bbox 325 937 429 1004; x_wconf 85' lang='lat' dir='ltr'><strong>torma</strong></span> <span class='ocrx_word' id='word_1_64' title='bbox 452 931 511 1005; x_wconf 88' lang='lat' dir='ltr'><strong>est</strong></span> <span class='ocrx_word' id='word_1_65' title='bbox 525 959 568 1004; x_wconf 82' lang='lat' dir='ltr'><strong>uc.</strong></span> <span class='ocrx_word' id='word_1_66' title='bbox 600 943 649 1007; x_wconf 89' lang='lat' dir='ltr'><strong>De</strong></span> <span class='ocrx_word' id='word_1_67' title='bbox 671 939 903 1023; x_wconf 79' lang='lat' dir='ltr'><strong>significatione</strong></span> <span class='ocrx_word' id='word_1_68' title='bbox 926 943 1071 1010; x_wconf 88' lang='lat' dir='ltr'><strong>Handiua</strong></span> <span class='ocrx_word' id='word_1_69' title='bbox 1094 962 1122 1025; x_wconf 88' lang='lat' dir='ltr'><strong>p.</strong></span> <span class='ocrx_word' id='word_1_70' title='bbox 1147 949 1209 1010; x_wconf 80' lang='lat'><strong>458</strong></span> <span class='ocrx_word' id='word_1_71' title='bbox 1227 963 1292 1026; x_wconf 79' lang='lat' dir='ltr'><strong>sqq.</strong></span> 
     </span>
     <span class='ocr_line' id='line_1_9' title="bbox 134 1033 1294 1124; baseline 0.007 -24"><span class='ocrx_word' id='word_1_72' title='bbox 134 1033 214 1104; x_wconf 91' lang='lat' dir='ltr'><strong>haec</strong></span> <span class='ocrx_word' id='word_1_73' title='bbox 236 1036 347 1104; x_wconf 85' lang='lat' dir='ltr'><strong>habat:</strong></span> <span class='ocrx_word' id='word_1_74' title='bbox 384 1039 439 1119; x_wconf 87' lang='lat' dir='ltr'><strong>„In</strong></span> <span class='ocrx_word' id='word_1_75' title='bbox 467 1040 649 1106; x_wconf 89' lang='lat' dir='ltr'><strong>notionibus</strong></span> <span class='ocrx_word' id='word_1_76' title='bbox 680 1046 714 1105; x_wconf 90' lang='lat' dir='ltr'><strong>et</strong></span> <span class='ocrx_word' id='word_1_77' title='bbox 742 1042 909 1109; x_wconf 74' lang='lat' dir='ltr'>sententiis</span> <span class='ocrx_word' id='word_1_78' title='bbox 938 1043 1167 1124; x_wconf 81' lang='lat' dir='ltr'><strong>coniungendis</strong></span> <span class='ocrx_word' id='word_1_79' title='bbox 1196 1060 1294 1122; x_wconf 88' lang='lat' dir='ltr'><strong>quum</strong></span> 
     </span>
     <span class='ocr_line' id='line_1_10' title="bbox 133 1134 1295 1222; baseline 0.003 -20"><span class='ocrx_word' id='word_1_80' title='bbox 133 1134 252 1216; x_wconf 80' lang='lat' dir='ltr'>duplex</span> <span class='ocrx_word' id='word_1_81' title='bbox 275 1151 346 1201; x_wconf 84' lang='lat' dir='ltr'><strong>esse</strong></span> <span class='ocrx_word' id='word_1_82' title='bbox 369 1137 472 1217; x_wconf 80' lang='lat' dir='ltr'><strong>possit</strong></span> <span class='ocrx_word' id='word_1_83' title='bbox 494 1137 586 1216; x_wconf 84' lang='lat' dir='ltr'><strong>ratio,</strong></span> <span class='ocrx_word' id='word_1_84' title='bbox 609 1138 721 1219; x_wconf 86' lang='lat' dir='ltr'><strong>altera,</strong></span> <span class='ocrx_word' id='word_1_85' title='bbox 744 1156 808 1219; x_wconf 85' lang='lat' dir='ltr'><strong>qua</strong></span> <span class='ocrx_word' id='word_1_86' title='bbox 830 1145 940 1220; x_wconf 85' lang='lat' dir='ltr'><strong>partes</strong></span> <span class='ocrx_word' id='word_1_87' title='bbox 956 1139 1145 1222; x_wconf 83' lang='lat' dir='ltr'><strong>simpliciter</strong></span> <span class='ocrx_word' id='word_1_88' title='bbox 1160 1141 1295 1222; x_wconf 79' lang='lat' dir='ltr'><strong>iungan-</strong></span> 
     </span>
     <span class='ocr_line' id='line_1_11' title="bbox 134 1235 1294 1318; baseline 0.003 -18"><span class='ocrx_word' id='word_1_89' title='bbox 134 1237 189 1300; x_wconf 87' lang='lat' dir='ltr'><strong>tur</strong></span> <span class='ocrx_word' id='word_1_90' title='bbox 213 1238 346 1300; x_wconf 81' lang='lat' dir='ltr'><strong>externo</strong></span> <span class='ocrx_word' id='word_1_91' title='bbox 368 1253 451 1302; x_wconf 82' lang='lat' dir='ltr'><strong>nexu</strong></span> <span class='ocrx_word' id='word_1_92' title='bbox 473 1235 665 1317; x_wconf 84' lang='lat' dir='ltr'><strong>iunctaeque</strong></span> <span class='ocrx_word' id='word_1_93' title='bbox 695 1238 735 1301; x_wconf 90' lang='lat' dir='ltr'><strong>ad</strong></span> <span class='ocrx_word' id='word_1_94' title='bbox 763 1236 881 1317; x_wconf 89' lang='lat' dir='ltr'><strong>aliquid</strong></span> <span class='ocrx_word' id='word_1_95' title='bbox 906 1255 1077 1304; x_wconf 83' lang='lat' dir='ltr'><strong>commune</strong></span> <span class='ocrx_word' id='word_1_96' title='bbox 1101 1237 1294 1318; x_wconf 73' lang='lat' dir='ltr'><strong>referantur,</strong></span> 
     </span>
     <span class='ocr_line' id='line_1_12' title="bbox 134 1330 1294 1415; baseline 0.005 -19"><span class='ocrx_word' id='word_1_97' title='bbox 134 1330 256 1410; x_wconf 87' lang='lat' dir='ltr'><strong>altera,</strong></span> <span class='ocrx_word' id='word_1_98' title='bbox 284 1348 350 1411; x_wconf 86' lang='lat' dir='ltr'><strong>qua</strong></span> <span class='ocrx_word' id='word_1_99' title='bbox 370 1333 517 1399; x_wconf 87' lang='lat' dir='ltr'><strong>notiones</strong></span> <span class='ocrx_word' id='word_1_100' title='bbox 541 1339 575 1398; x_wconf 89' lang='lat' dir='ltr'><strong>et</strong></span> <span class='ocrx_word' id='word_1_101' title='bbox 595 1335 837 1402; x_wconf 62' lang='lat' dir='ltr'><strong>‚enusciauones</strong></span> <span class='ocrx_word' id='word_1_102' title='bbox 859 1335 942 1400; x_wconf 89' lang='lat' dir='ltr'><strong>duae</strong></span> <span class='ocrx_word' id='word_1_103' title='bbox 964 1336 1091 1415; x_wconf 83' lang='lat' dir='ltr'><strong>aequali</strong></span> <span class='ocrx_word' id='word_1_104' title='bbox 1115 1336 1294 1402; x_wconf 88' lang='lat' dir='ltr'><strong>conditione</strong></span> 
     </span>
     <span class='ocr_line' id='line_1_13' title="bbox 135 1429 1295 1515; baseline 0.004 -22"><span class='ocrx_word' id='word_1_105' title='bbox 135 1429 182 1493; x_wconf 89' lang='lat' dir='ltr'><strong>ita</strong></span> <span class='ocrx_word' id='word_1_106' title='bbox 204 1435 449 1510; x_wconf 81' lang='lat' dir='ltr'><strong>componantur,</strong></span> <span class='ocrx_word' id='word_1_107' title='bbox 480 1437 517 1496; x_wconf 91' lang='lat' dir='ltr'><strong>ut</strong></span> <span class='ocrx_word' id='word_1_108' title='bbox 538 1439 595 1497; x_wconf 91' lang='lat' dir='ltr'><strong>ant</strong></span> <span class='ocrx_word' id='word_1_109' title='bbox 618 1432 785 1514; x_wconf 87' lang='lat' dir='ltr'><strong>utriusque</strong></span> <span class='ocrx_word' id='word_1_110' title='bbox 808 1434 949 1514; x_wconf 85' lang='lat' dir='ltr'><strong>aequalis</strong></span> <span class='ocrx_word' id='word_1_111' title='bbox 973 1434 1113 1514; x_wconf 78' lang='lat' dir='ltr'><strong>dignitas</strong></span> <span class='ocrx_word' id='word_1_112' title='bbox 1136 1434 1295 1515; x_wconf 78' lang='lat' dir='ltr'><strong>exprima</strong></span> 
     </span>
     <span class='ocr_line' id='line_1_14' title="bbox 134 1528 1294 1612; baseline 0.002 -18"><span class='ocrx_word' id='word_1_113' title='bbox 134 1531 199 1606; x_wconf 86' lang='lat' dir='ltr'><strong>tur,</strong></span> <span class='ocrx_word' id='word_1_114' title='bbox 223 1532 280 1594; x_wconf 89' lang='lat' dir='ltr'><strong>aut</strong></span> <span class='ocrx_word' id='word_1_115' title='bbox 302 1528 523 1610; x_wconf 81' lang='lat' dir='ltr'><strong>necessitudo,</strong></span> <span class='ocrx_word' id='word_1_116' title='bbox 547 1548 611 1611; x_wconf 89' lang='lat' dir='ltr'><strong>qua</strong></span> <span class='ocrx_word' id='word_1_117' title='bbox 632 1536 769 1612; x_wconf 88' lang='lat' dir='ltr'><strong>utraque</strong></span> <span class='ocrx_word' id='word_1_118' title='bbox 792 1532 918 1612; x_wconf 88' lang='lat' dir='ltr'><strong>aequali</strong></span> <span class='ocrx_word' id='word_1_119' title='bbox 940 1532 1034 1598; x_wconf 90' lang='lat' dir='ltr'><strong>modo</strong></span> <span class='ocrx_word' id='word_1_120' title='bbox 1058 1532 1230 1598; x_wconf 80' lang='lat' dir='ltr'><strong>cohaereat</strong></span> <span class='ocrx_word' id='word_1_121' title='bbox 1244 1533 1294 1596; x_wconf 91' lang='lat' dir='ltr'><strong>vel</strong></span> 
     </span>
     <span class='ocr_line' id='line_1_15' title="bbox 134 1625 1293 1711; baseline 0.002 -19"><span class='ocrx_word' id='word_1_122' title='bbox 134 1626 354 1706; x_wconf 73' lang='lat' dir='ltr'><strong>emercetur,</strong></span> <span class='ocrx_word' id='word_1_123' title='bbox 383 1625 614 1708; x_wconf 83' lang='lat' dir='ltr'><strong>significantius</strong></span> <span class='ocrx_word' id='word_1_124' title='bbox 649 1630 820 1711; x_wconf 79' lang='lat' dir='ltr'><strong>appareat,</strong></span> <span class='ocrx_word' id='word_1_125' title='bbox 856 1630 961 1696; x_wconf 85' lang='lat' dir='ltr'><strong>Latini</strong></span> <span class='ocrx_word' id='word_1_126' title='bbox 990 1630 1074 1695; x_wconf 88' lang='lat' dir='ltr'><strong>hune</strong></span> <span class='ocrx_word' id='word_1_127' title='bbox 1107 1630 1293 1695; x_wconf 86' lang='lat' dir='ltr'><strong>interiorem</strong></span> 
     </span>
     <span class='ocr_line' id='line_1_16' title="bbox 132 1723 1297 1809; baseline 0.002 -19"><span class='ocrx_word' id='word_1_128' title='bbox 132 1740 249 1791; x_wconf 82' lang='lat' dir='ltr'><strong>nexum</strong></span> <span class='ocrx_word' id='word_1_129' title='bbox 272 1743 336 1790; x_wconf 90' lang='lat' dir='ltr'><strong>uon</strong></span> <span class='ocrx_word' id='word_1_130' title='bbox 358 1723 524 1792; x_wconf 80' lang='lat' dir='ltr'><strong>fortuitum</strong></span> <span class='ocrx_word' id='word_1_131' title='bbox 548 1727 730 1806; x_wconf 85' lang='lat' dir='ltr'><strong>exprimunt</strong></span> <span class='ocrx_word' id='word_1_132' title='bbox 752 1745 811 1808; x_wconf 86' lang='lat' dir='ltr'><strong>per</strong></span> <span class='ocrx_word' id='word_1_133' title='bbox 832 1735 927 1803; x_wconf 80' lang='lat' dir='ltr'><strong>utque.</strong></span> <span class='ocrx_word' id='word_1_134' title='bbox 973 1725 1010 1792; x_wconf 93' lang='lat' dir='ltr'><strong>Id</strong></span> <span class='ocrx_word' id='word_1_135' title='bbox 1041 1729 1181 1809; x_wconf 84' lang='lat' dir='ltr'><strong>undique</strong></span> <span class='ocrx_word' id='word_1_136' title='bbox 1211 1745 1297 1793; x_wconf 88' lang='lat' dir='ltr'><strong>ccm-</strong></span> 
     </span>
     <span class='ocr_line' id='line_1_17' title="bbox 132 1822 1294 1906; baseline 0.004 -18"><span class='ocrx_word' id='word_1_137' title='bbox 132 1822 290 1904; x_wconf 87' lang='lat' dir='ltr'><strong>prohatur</strong></span> <span class='ocrx_word' id='word_1_138' title='bbox 318 1841 416 1904; x_wconf 86' lang='lat' dir='ltr'><strong>quum</strong></span> <span class='ocrx_word' id='word_1_139' title='bbox 435 1824 508 1890; x_wconf 89' lang='lat' dir='ltr'><strong>aliis</strong></span> <span class='ocrx_word' id='word_1_140' title='bbox 529 1825 675 1890; x_wconf 86' lang='lat' dir='ltr'><strong>omnibns</strong></span> <span class='ocrx_word' id='word_1_141' title='bbox 706 1824 873 1906; x_wconf 87' lang='lat' dir='ltr'><strong>exemplis,</strong></span> <span class='ocrx_word' id='word_1_142' title='bbox 902 1831 970 1890; x_wconf 82' lang='lat' dir='ltr'><strong>turn</strong></span> <span class='ocrx_word' id='word_1_143' title='bbox 999 1828 1136 1893; x_wconf 85' lang='lat' dir='ltr'><strong>maxime</strong></span> <span class='ocrx_word' id='word_1_144' title='bbox 1160 1845 1200 1892; x_wconf 91' lang='lat' dir='ltr'><strong>eo</strong></span> <span class='ocrx_word' id='word_1_145' title='bbox 1222 1845 1294 1906; x_wconf 89' lang='lat' dir='ltr'><strong>usu,</strong></span> 
     </span>
     <span class='ocr_line' id='line_1_18' title="bbox 133 1922 1293 2006; baseline 0 -22"><span class='ocrx_word' id='word_1_146' title='bbox 133 1937 196 2002; x_wconf 88' lang='lat' dir='ltr'><strong>quo</strong></span> <span class='ocrx_word' id='word_1_147' title='bbox 219 1922 378 2002; x_wconf 89' lang='lat' dir='ltr'><strong>particula</strong></span> <span class='ocrx_word' id='word_1_148' title='bbox 400 1923 432 1986; x_wconf 94' lang='lat' dir='ltr'><strong>in</strong></span> <span class='ocrx_word' id='word_1_149' title='bbox 455 1923 691 2004; x_wconf 89' lang='lat' dir='ltr'><strong>comparatione</strong></span> <span class='ocrx_word' id='word_1_150' title='bbox 718 1927 751 1988; x_wconf 93' lang='lat' dir='ltr'><strong>et</strong></span> <span class='ocrx_word' id='word_1_151' title='bbox 778 1925 809 1987; x_wconf 91' lang='lat' dir='ltr'><strong>in</strong></span> <span class='ocrx_word' id='word_1_152' title='bbox 837 1924 1081 1991; x_wconf 84' lang='lat' dir='ltr'><strong>ratiocinatione</strong></span> <span class='ocrx_word' id='word_1_153' title='bbox 1109 1930 1293 2006; x_wconf 86' lang='lat' dir='ltr'><strong>usurpatur.</strong></span> 
     </span>
     <span class='ocr_line' id='line_1_19' title="bbox 135 2019 1295 2105; baseline 0.002 -21"><span class='ocrx_word' id='word_1_154' title='bbox 135 2049 178 2062; x_wconf 93' lang='lat'><em>-</em></span> <span class='ocrx_word' id='word_1_155' title='bbox 194 2019 386 2085; x_wconf 88' lang='lat' dir='ltr'><strong>Universum</strong></span> <span class='ocrx_word' id='word_1_156' title='bbox 409 2019 503 2086; x_wconf 89' lang='lat' dir='ltr'><strong>huius</strong></span> <span class='ocrx_word' id='word_1_157' title='bbox 526 2022 661 2087; x_wconf 87' lang='lat' dir='ltr'><strong>nominis</strong></span> <span class='ocrx_word' id='word_1_158' title='bbox 684 2039 776 2086; x_wconf 88' lang='lat' dir='ltr'><strong>usum</strong></span> <span class='ocrx_word' id='word_1_159' title='bbox 799 2022 839 2086; x_wconf 91' lang='lat' dir='ltr'><strong>ad</strong></span> <span class='ocrx_word' id='word_1_160' title='bbox 863 2021 926 2087; x_wconf 91' lang='lat' dir='ltr'><strong>duo</strong></span> <span class='ocrx_word' id='word_1_161' title='bbox 943 2022 1157 2105; x_wconf 89' lang='lat' dir='ltr'><strong>exemplorum</strong></span> <span class='ocrx_word' id='word_1_162' title='bbox 1175 2039 1295 2104; x_wconf 81' lang='lat' dir='ltr'><strong>genera</strong></span> 
     </span>
     <span class='ocr_line' id='line_1_20' title="bbox 134 2115 1294 2202; baseline 0 -18"><span class='ocrx_word' id='word_1_163' title='bbox 134 2121 224 2186; x_wconf 86' lang='lat' dir='ltr'><strong>reete</strong></span> <span class='ocrx_word' id='word_1_164' title='bbox 246 2115 362 2184; x_wconf 83' lang='lat' dir='ltr'><strong>reterri</strong></span> <span class='ocrx_word' id='word_1_165' title='bbox 382 2135 478 2199; x_wconf 86' lang='lat' dir='ltr'><strong>posse</strong></span> <span class='ocrx_word' id='word_1_166' title='bbox 501 2124 662 2199; x_wconf 84' lang='lat' dir='ltr'><strong>putamus.</strong></span> <span class='ocrx_word' id='word_1_167' title='bbox 696 2119 779 2184; x_wconf 88' lang='lat' dir='ltr'><strong>Nam</strong></span> <span class='ocrx_word' id='word_1_168' title='bbox 803 2124 837 2184; x_wconf 89' lang='lat' dir='ltr'><strong>et</strong></span> <span class='ocrx_word' id='word_1_169' title='bbox 857 2119 1041 2186; x_wconf 90' lang='lat' dir='ltr'><strong>notionibus</strong></span> <span class='ocrx_word' id='word_1_170' title='bbox 1065 2119 1294 2202; x_wconf 80' lang='lat' dir='ltr'><strong>coniungendis</strong></span> 
     </span>
     <span class='ocr_line' id='line_1_21' title="bbox 132 2216 1295 2298; baseline -0.002 -14"><span class='ocrx_word' id='word_1_171' title='bbox 132 2221 168 2284; x_wconf 87' lang='lat' dir='ltr'><strong>ct</strong></span> <span class='ocrx_word' id='word_1_172' title='bbox 206 2216 375 2284; x_wconf 83' lang='lat' dir='ltr'><strong>sententiis</strong></span> <span class='ocrx_word' id='word_1_173' title='bbox 409 2216 575 2282; x_wconf 83' lang='lat' dir='ltr'><strong>nectendis</strong></span> <span class='ocrx_word' id='word_1_174' title='bbox 607 2217 834 2282; x_wconf 78' lang='lat' dir='ltr'><strong>inservitum</strong></span> <span class='ocrx_word' id='word_1_175' title='bbox 860 2217 920 2282; x_wconf 87' lang='lat' dir='ltr'><strong>hae</strong></span> <span class='ocrx_word' id='word_1_176' title='bbox 954 2216 1197 2298; x_wconf 84' lang='lat' dir='ltr'><strong>significatione,</strong></span> <span class='ocrx_word' id='word_1_177' title='bbox 1231 2235 1295 2298; x_wconf 88' lang='lat' dir='ltr'><strong>qua</strong></span> 
     </span>
     <span class='ocr_line' id='line_1_22' title="bbox 133 2313 1295 2397; baseline 0 -15"><span class='ocrx_word' id='word_1_178' title='bbox 133 2313 219 2382; x_wconf 86' lang='lat' dir='ltr'><strong>duaa</strong></span> <span class='ocrx_word' id='word_1_179' title='bbox 249 2331 302 2380; x_wconf 92' lang='lat' dir='ltr'><strong>res</strong></span> <span class='ocrx_word' id='word_1_180' title='bbox 339 2331 402 2387; x_wconf 87' lang='lat' dir='ltr'><strong>non</strong></span> <span class='ocrx_word' id='word_1_181' title='bbox 436 2319 562 2380; x_wconf 90' lang='lat' dir='ltr'><strong>tentum</strong></span> <span class='ocrx_word' id='word_1_182' title='bbox 594 2320 816 2397; x_wconf 90' lang='lat' dir='ltr'><strong>apponuntur,</strong></span> <span class='ocrx_word' id='word_1_183' title='bbox 851 2315 908 2382; x_wconf 87' lang='lat' dir='ltr'><strong>sed</strong></span> <span class='ocrx_word' id='word_1_184' title='bbox 941 2316 1198 2396; x_wconf 85' lang='lat' dir='ltr'><strong>aequiparantur.</strong></span> <span class='ocrx_word' id='word_1_185' title='bbox 1243 2317 1295 2382; x_wconf 79' lang='lat' dir='ltr'><strong>Ita</strong></span> 
     </span>
     <span class='ocr_line' id='line_1_23' title="bbox 132 2411 1295 2494; baseline 0 -16"><span class='ocrx_word' id='word_1_186' title='bbox 132 2413 303 2478; x_wconf 85' lang='lat' dir='ltr'><strong>coniuncta</strong></span> <span class='ocrx_word' id='word_1_187' title='bbox 325 2429 388 2478; x_wconf 90' lang='lat' dir='ltr'><strong>non</strong></span> <span class='ocrx_word' id='word_1_188' title='bbox 410 2411 597 2494; x_wconf 85' lang='lat' dir='ltr'><strong>adhaerent,</strong></span> <span class='ocrx_word' id='word_1_189' title='bbox 619 2413 677 2478; x_wconf 89' lang='lat' dir='ltr'><strong>sed</strong></span> <span class='ocrx_word' id='word_1_190' title='bbox 699 2412 867 2480; x_wconf 87' lang='lat' dir='ltr'><strong>inhaerent</strong></span> <span class='ocrx_word' id='word_1_191' title='bbox 889 2413 1022 2479; x_wconf 86' lang='lat' dir='ltr'><strong>invicem</strong></span> <span class='ocrx_word' id='word_1_192' title='bbox 1047 2413 1117 2479; x_wconf 87' lang='lat' dir='ltr'><strong>sibi.</strong></span> <span class='ocrx_word' id='word_1_193' title='bbox 1140 2447 1183 2458; x_wconf 88' lang='lat'>-</span> <span class='ocrx_word' id='word_1_194' title='bbox 1206 2413 1295 2478; x_wconf 89' lang='lat' dir='ltr'><strong>Haec</strong></span> 
     </span>
     <span class='ocr_line' id='line_1_24' title="bbox 136 2509 1293 2593; baseline -0.001 -17"><span class='ocrx_word' id='word_1_195' title='bbox 136 2514 245 2576; x_wconf 85' lang='lat' dir='ltr'><strong>antam</strong></span> <span class='ocrx_word' id='word_1_196' title='bbox 270 2509 381 2576; x_wconf 87' lang='lat' dir='ltr'><strong>eadem</strong></span> <span class='ocrx_word' id='word_1_197' title='bbox 404 2515 455 2576; x_wconf 91' lang='lat' dir='ltr'><strong>ast</strong></span> <span class='ocrx_word' id='word_1_198' title='bbox 478 2529 584 2593; x_wconf 87' lang='lat' dir='ltr'><strong>causa,</strong></span> <span class='ocrx_word' id='word_1_199' title='bbox 607 2516 804 2592; x_wconf 85' lang='lat' dir='ltr'><strong>quapropter</strong></span> <span class='ocrx_word' id='word_1_200' title='bbox 818 2517 930 2592; x_wconf 88' lang='lat' dir='ltr'><strong>partes</strong></span> <span class='ocrx_word' id='word_1_201' title='bbox 946 2511 1111 2592; x_wconf 88' lang='lat' dir='ltr'><strong>oration-is,</strong></span> <span class='ocrx_word' id='word_1_202' title='bbox 1134 2529 1217 2592; x_wconf 80' lang='lat' dir='ltr'><strong>quae</strong></span> <span class='ocrx_word' id='word_1_203' title='bbox 1233 2529 1293 2591; x_wconf 90' lang='lat' dir='ltr'><strong>per</strong></span> 
     </span>
     <span class='ocr_line' id='line_1_25' title="bbox 136 2608 1296 2690; baseline 0.002 -18"><span class='ocrx_word' id='word_1_204' title='bbox 136 2613 224 2684; x_wconf 65' lang='lat' dir='ltr'><strong>utam</strong></span> <span class='ocrx_word' id='word_1_205' title='bbox 248 2608 492 2690; x_wconf 85' lang='lat' dir='ltr'><strong>coniunguntur,</strong></span> <span class='ocrx_word' id='word_1_206' title='bbox 515 2612 617 2676; x_wconf 86' lang='lat' dir='ltr'><strong>artius</strong></span> <span class='ocrx_word' id='word_1_207' title='bbox 640 2609 812 2676; x_wconf 87' lang='lat' dir='ltr'><strong>cohaerere</strong></span> <span class='ocrx_word' id='word_1_208' title='bbox 827 2609 983 2676; x_wconf 89' lang='lat' dir='ltr'><strong>videntur.</strong></span> <span class='ocrx_word' id='word_1_209' title='bbox 1022 2610 1104 2675; x_wconf 88' lang='lat' dir='ltr'><strong>Nam</strong></span> <span class='ocrx_word' id='word_1_210' title='bbox 1127 2609 1296 2674; x_wconf 87' lang='lat' dir='ltr'><strong>inhaerent</strong></span> 
     </span>
     <span class='ocr_line' id='line_1_26' title="bbox 133 2705 1292 2790; baseline -0.003 -17"><span class='ocrx_word' id='word_1_211' title='bbox 133 2707 195 2773; x_wconf 84' lang='lat' dir='ltr'><strong>eibi</strong></span> <span class='ocrx_word' id='word_1_212' title='bbox 218 2707 356 2772; x_wconf 90' lang='lat' dir='ltr'><strong>invicem</strong></span> <span class='ocrx_word' id='word_1_213' title='bbox 377 2711 411 2773; x_wconf 88' lang='lat' dir='ltr'><strong>et</strong></span> <span class='ocrx_word' id='word_1_214' title='bbox 432 2707 524 2788; x_wconf 88' lang='lat' dir='ltr'><strong>quasi</strong></span> <span class='ocrx_word' id='word_1_215' title='bbox 547 2706 719 2777; x_wconf 87' lang='lat' dir='ltr'><strong>confluunt.</strong></span> <span class='ocrx_word' id='word_1_216' title='bbox 751 2707 844 2775; x_wconf 88' lang='lat' dir='ltr'><strong>Unde</strong></span> <span class='ocrx_word' id='word_1_217' title='bbox 867 2709 963 2775; x_wconf 85' lang='lat' dir='ltr'><strong>etiam</strong></span> <span class='ocrx_word' id='word_1_218' title='bbox 987 2705 1038 2785; x_wconf 89' lang='lat' dir='ltr'><strong>tit,</strong></span> <span class='ocrx_word' id='word_1_219' title='bbox 1061 2714 1099 2773; x_wconf 91' lang='lat' dir='ltr'><strong>ut</strong></span> <span class='ocrx_word' id='word_1_220' title='bbox 1119 2707 1199 2773; x_wconf 88' lang='lat' dir='ltr'><strong>haec</strong></span> <span class='ocrx_word' id='word_1_221' title='bbox 1221 2725 1292 2790; x_wconf 90' lang='lat' dir='ltr'><strong>par·</strong></span> 
     </span>
     <span class='ocr_line' id='line_1_27' title="bbox 133 2803 1291 2887; baseline -0.002 -16"><span class='ocrx_word' id='word_1_222' title='bbox 133 2803 234 2871; x_wconf 87' lang='lat' dir='ltr'><strong>ticnla</strong></span> <span class='ocrx_word' id='word_1_223' title='bbox 256 2823 326 2871; x_wconf 87' lang='lat' dir='ltr'><strong>eam</strong></span> <span class='ocrx_word' id='word_1_224' title='bbox 348 2805 382 2870; x_wconf 93' lang='lat' dir='ltr'><strong>in</strong></span> <span class='ocrx_word' id='word_1_225' title='bbox 402 2823 438 2871; x_wconf 92' lang='lat' dir='ltr'><strong>se</strong></span> <span class='ocrx_word' id='word_1_226' title='bbox 461 2806 596 2887; x_wconf 88' lang='lat' dir='ltr'><strong>recipiat</strong></span> <span class='ocrx_word' id='word_1_227' title='bbox 617 2808 681 2871; x_wconf 86' lang='lat' dir='ltr'><strong>vim</strong></span> <span class='ocrx_word' id='word_1_228' title='bbox 704 2805 998 2884; x_wconf 84' lang='lat' dir='ltr'><strong>demonstrativam,</strong></span> <span class='ocrx_word' id='word_1_229' title='bbox 1022 2822 1100 2886; x_wconf 89' lang='lat' dir='ltr'><strong>qua,</strong></span> <span class='ocrx_word' id='word_1_230' title='bbox 1124 2809 1161 2871; x_wconf 91' lang='lat' dir='ltr'><strong>ut</strong></span> <span class='ocrx_word' id='word_1_231' title='bbox 1182 2823 1291 2870; x_wconf 88' lang='lat' dir='ltr'><strong>rerum</strong></span> 
     </span>
     <span class='ocr_line' id='line_1_28' title="bbox 134 2903 1293 2985; baseline -0.002 -16"><span class='ocrx_word' id='word_1_232' title='bbox 134 2920 295 2969; x_wconf 74' lang='lat' dir='ltr'><strong>counams</strong></span> <span class='ocrx_word' id='word_1_233' title='bbox 318 2904 532 2984; x_wconf 83' lang='lat' dir='ltr'><strong>percipiatur,</strong></span> <span class='ocrx_word' id='word_1_234' title='bbox 563 2905 702 2970; x_wconf 89' lang='lat' dir='ltr'><strong>animum</strong></span> <span class='ocrx_word' id='word_1_235' title='bbox 733 2903 774 2968; x_wconf 88' lang='lat' dir='ltr'><strong>ed</strong></span> <span class='ocrx_word' id='word_1_236' title='bbox 801 2903 895 2970; x_wconf 87' lang='lat' dir='ltr'><strong>aliam</strong></span> <span class='ocrx_word' id='word_1_237' title='bbox 924 2922 991 2970; x_wconf 86' lang='lat' dir='ltr'><strong>ram</strong></span> <span class='ocrx_word' id='word_1_238' title='bbox 1022 2904 1118 2969; x_wconf 90' lang='lat' dir='ltr'><strong>simul</strong></span> <span class='ocrx_word' id='word_1_239' title='bbox 1147 2921 1293 2985; x_wconf 87' lang='lat' dir='ltr'><strong>compre-</strong></span> 
     </span>
     <span class='ocr_line' id='line_1_29' title="bbox 132 2999 1294 3082; baseline -0.002 -16"><span class='ocrx_word' id='word_1_240' title='bbox 132 2999 333 3067; x_wconf 86' lang='lat' dir='ltr'><strong>hendendam</strong></span> <span class='ocrx_word' id='word_1_241' title='bbox 353 3001 505 3082; x_wconf 85' lang='lat' dir='ltr'><strong>perducit</strong></span> <span class='ocrx_word' id='word_1_242' title='bbox 527 3018 660 3082; x_wconf 85' lang='lat' dir='ltr'><strong>eamque</strong></span> <span class='ocrx_word' id='word_1_243' title='bbox 684 3019 787 3082; x_wconf 84' lang='lat' dir='ltr'><strong>aequo</strong></span> <span class='ocrx_word' id='word_1_244' title='bbox 808 3000 902 3066; x_wconf 91' lang='lat' dir='ltr'><strong>modo</strong></span> <span class='ocrx_word' id='word_1_245' title='bbox 920 3000 1182 3067; x_wconf 88' lang='lat' dir='ltr'><strong>considerandam</strong></span> <span class='ocrx_word' id='word_1_246' title='bbox 1205 3017 1294 3065; x_wconf 91' lang='lat' dir='ltr'><strong>mon·</strong></span> 
     </span>
     <span class='ocr_line' id='line_1_30' title="bbox 132 3097 1291 3181; baseline -0.003 -17"><span class='ocrx_word' id='word_1_247' title='bbox 132 3102 224 3164; x_wconf 71' lang='lat' dir='ltr'><strong>suat.</strong></span> <span class='ocrx_word' id='word_1_248' title='bbox 250 3133 290 3146; x_wconf 90' lang='lat'><strong>--</strong></span> <span class='ocrx_word' id='word_1_249' title='bbox 313 3097 525 3181; x_wconf 82' lang='lat' dir='ltr'><strong>Coniungitur</strong></span> <span class='ocrx_word' id='word_1_250' title='bbox 555 3106 646 3176; x_wconf 76' lang='lat' dir='ltr'><strong>etque</strong></span> <span class='ocrx_word' id='word_1_251' title='bbox 668 3117 738 3164; x_wconf 89' lang='lat' dir='ltr'><strong>cum</strong></span> <span class='ocrx_word' id='word_1_252' title='bbox 761 3099 1001 3180; x_wconf 84' lang='lat' dir='ltr'><strong>pronominibus</strong></span> <span class='ocrx_word' id='word_1_253' title='bbox 1030 3098 1291 3164; x_wconf 80' lang='lat' dir='ltr'><strong>demonstrativis</strong></span> 
     </span>
     <span class='ocr_line' id='line_1_31' title="bbox 131 3193 1293 3278; baseline -0.002 -16"><span class='ocrx_word' id='word_1_254' title='bbox 131 3200 165 3262; x_wconf 88' lang='lat' dir='ltr'><strong>et</strong></span> <span class='ocrx_word' id='word_1_255' title='bbox 198 3197 421 3278; x_wconf 84' lang='lat' dir='ltr'><strong>personalibus</strong></span> <span class='ocrx_word' id='word_1_256' title='bbox 444 3198 513 3278; x_wconf 91' lang='lat' dir='ltr'><strong>ipsa</strong></span> <span class='ocrx_word' id='word_1_257' title='bbox 540 3215 598 3263; x_wconf 90' lang='lat' dir='ltr'><strong>sua</strong></span> <span class='ocrx_word' id='word_1_258' title='bbox 626 3197 659 3262; x_wconf 84' lang='lat' dir='ltr'><strong>vi</strong></span> <span class='ocrx_word' id='word_1_259' title='bbox 686 3216 725 3264; x_wconf 88' lang='lat' dir='ltr'><strong>ac</strong></span> <span class='ocrx_word' id='word_1_260' title='bbox 752 3202 885 3278; x_wconf 81' lang='lat' dir='ltr'><strong>natura,</strong></span> <span class='ocrx_word' id='word_1_261' title='bbox 920 3202 952 3263; x_wconf 92' lang='lat' dir='ltr'><strong>et</strong></span> <span class='ocrx_word' id='word_1_262' title='bbox 974 3198 1059 3277; x_wconf 91' lang='lat' dir='ltr'><strong>quod</strong></span> <span class='ocrx_word' id='word_1_263' title='bbox 1085 3193 1293 3263; x_wconf 86' lang='lat' dir='ltr'><strong>attrahuntur</strong></span> 
     </span>
     <span class='ocr_line' id='line_1_32' title="bbox 130 3292 1289 3375; baseline -0.002 -16"><span class='ocrx_word' id='word_1_264' title='bbox 130 3293 331 3375; x_wconf 81' lang='lat' dir='ltr'><strong>pronomina,</strong></span> <span class='ocrx_word' id='word_1_265' title='bbox 361 3295 396 3362; x_wconf 86' lang='lat' dir='ltr'><strong>id</strong></span> <span class='ocrx_word' id='word_1_266' title='bbox 421 3294 575 3361; x_wconf 85' lang='lat' dir='ltr'><strong>nunsula</strong></span> <span class='ocrx_word' id='word_1_267' title='bbox 598 3292 903 3375; x_wconf 89' lang='lat' dir='ltr'><strong>consuetudinefit,</strong></span> <span class='ocrx_word' id='word_1_268' title='bbox 935 3295 991 3361; x_wconf 89' lang='lat' dir='ltr'><strong>sed</strong></span> <span class='ocrx_word' id='word_1_269' title='bbox 1018 3293 1174 3362; x_wconf 81' lang='lat' dir='ltr'><strong>ratione.“</strong></span> <span class='ocrx_word' id='word_1_270' title='bbox 1220 3293 1289 3358; x_wconf 91' lang='lat' dir='ltr'><strong>Iam</strong></span> 
     </span>
     <span class='ocr_line' id='line_1_33' title="bbox 129 3391 1295 3476; baseline -0.003 -18"><span class='ocrx_word' id='word_1_271' title='bbox 129 3392 249 3458; x_wconf 80' lang='lat' dir='ltr'><strong>Raudii</strong></span> <span class='ocrx_word' id='word_1_272' title='bbox 276 3393 533 3460; x_wconf 88' lang='lat' dir='ltr'><strong>distributionem</strong></span> <span class='ocrx_word' id='word_1_273' title='bbox 561 3410 699 3474; x_wconf 84' lang='lat' dir='ltr'><strong>sequens</strong></span> <span class='ocrx_word' id='word_1_274' title='bbox 727 3395 894 3475; x_wconf 89' lang='lat' dir='ltr'><strong>potissima</strong></span> <span class='ocrx_word' id='word_1_275' title='bbox 922 3409 1040 3476; x_wconf 81' lang='lat' dir='ltr'><strong>genera</strong></span> <span class='ocrx_word' id='word_1_276' title='bbox 1066 3391 1162 3457; x_wconf 87' lang='lat' dir='ltr'><strong>huius</strong></span> <span class='ocrx_word' id='word_1_277' title='bbox 1192 3392 1295 3474; x_wconf 85' lang='lat' dir='ltr'><strong>parti·-</strong></span> 
     </span>
     <span class='ocr_line' id='line_1_34' title="bbox 130 3490 430 3557; baseline 0.007 -3"><span class='ocrx_word' id='word_1_278' title='bbox 130 3491 222 3555; x_wconf 88' lang='lat' dir='ltr'><strong>culae</strong></span> <span class='ocrx_word' id='word_1_279' title='bbox 245 3490 430 3557; x_wconf 88' lang='lat' dir='ltr'><strong>recensebo.</strong></span> 
     </span>
    </p>

    <p class='ocr_par' dir='ltr' id='par_1_4' title="bbox 128 3587 1294 4254">
     <span class='ocr_line' id='line_1_35' title="bbox 216 3587 1292 3671; baseline 0 -19"><span class='ocrx_word' id='word_1_280' title='bbox 216 3605 243 3654; x_wconf 85' lang='lat' dir='ltr'><strong>a.</strong></span> <span class='ocrx_word' id='word_1_281' title='bbox 288 3587 335 3653; x_wconf 75' lang='lat' dir='ltr'><strong>hc</strong></span> <span class='ocrx_word' id='word_1_282' title='bbox 365 3589 502 3669; x_wconf 73' lang='lat' dir='ltr'><strong>pmrnnm</strong></span> <span class='ocrx_word' id='word_1_283' title='bbox 536 3589 808 3670; x_wconf 66' lang='lat' dir='ltr'><strong>particularitate</strong></span> <span class='ocrx_word' id='word_1_284' title='bbox 842 3589 874 3654; x_wconf 91' lang='lat' dir='ltr'><strong>id</strong></span> <span class='ocrx_word' id='word_1_285' title='bbox 906 3588 1072 3671; x_wconf 89' lang='lat' dir='ltr'><strong>proprium</strong></span> <span class='ocrx_word' id='word_1_286' title='bbox 1106 3588 1217 3668; x_wconf 88' lang='lat' dir='ltr'><strong>habet,</strong></span> <span class='ocrx_word' id='word_1_287' title='bbox 1253 3593 1292 3652; x_wconf 92' lang='lat' dir='ltr'><strong>ut</strong></span> 
     </span>
     <span class='ocr_line' id='line_1_36' title="bbox 129 3685 1291 3769; baseline 0 -19"><span class='ocrx_word' id='word_1_288' title='bbox 129 3685 286 3750; x_wconf 86' lang='lat' dir='ltr'><strong>unitatem</strong></span> <span class='ocrx_word' id='word_1_289' title='bbox 319 3685 481 3754; x_wconf 87' lang='lat' dir='ltr'><strong>notionum</strong></span> <span class='ocrx_word' id='word_1_290' title='bbox 516 3687 701 3752; x_wconf 81' lang='lat' dir='ltr'><strong>interiorem</strong></span> <span class='ocrx_word' id='word_1_291' title='bbox 737 3703 916 3769; x_wconf 83' lang='lat' dir='ltr'><strong>nexumque</strong></span> <span class='ocrx_word' id='word_1_292' title='bbox 954 3705 1062 3752; x_wconf 89' lang='lat' dir='ltr'><strong>rerum</strong></span> <span class='ocrx_word' id='word_1_293' title='bbox 1091 3687 1129 3750; x_wconf 87' lang='lat' dir='ltr'><strong>in</strong></span> <span class='ocrx_word' id='word_1_294' title='bbox 1161 3685 1291 3766; x_wconf 73' lang='lat' dir='ltr'><strong>aequat</strong></span> 
     </span>
     <span class='ocr_line' id='line_1_37' title="bbox 128 3782 1290 3866; baseline 0.001 -20"><span class='ocrx_word' id='word_1_295' title='bbox 128 3783 254 3848; x_wconf 84' lang='lat' dir='ltr'><strong>ratione</strong></span> <span class='ocrx_word' id='word_1_296' title='bbox 295 3784 496 3866; x_wconf 84' lang='lat' dir='ltr'><strong>conspicuam</strong></span> <span class='ocrx_word' id='word_1_297' title='bbox 534 3782 699 3866; x_wconf 82' lang='lat' dir='ltr'><strong>significet.</strong></span> <span class='ocrx_word' id='word_1_298' title='bbox 764 3785 880 3851; x_wconf 89' lang='lat' dir='ltr'><strong>Unitas</strong></span> <span class='ocrx_word' id='word_1_299' title='bbox 917 3785 1000 3851; x_wconf 87' lang='lat' dir='ltr'><strong>enim</strong></span> <span class='ocrx_word' id='word_1_300' title='bbox 1034 3785 1089 3848; x_wconf 92' lang='lat' dir='ltr'><strong>ille</strong></span> <span class='ocrx_word' id='word_1_301' title='bbox 1129 3785 1180 3848; x_wconf 88' lang='lat' dir='ltr'><strong>vel</strong></span> <span class='ocrx_word' id='word_1_302' title='bbox 1220 3787 1290 3866; x_wconf 88' lang='lat' dir='ltr'><strong>ipse</strong></span> 
     </span>
     <span class='ocr_line' id='line_1_38' title="bbox 128 3881 1290 3965; baseline 0.002 -21"><span class='ocrx_word' id='word_1_303' title='bbox 128 3886 268 3961; x_wconf 78' lang='lat' dir='ltr'><strong>apparat</strong></span> <span class='ocrx_word' id='word_1_304' title='bbox 300 3882 333 3946; x_wconf 90' lang='lat' dir='ltr'><strong>in</strong></span> <span class='ocrx_word' id='word_1_305' title='bbox 365 3881 461 3948; x_wconf 83' lang='lat' dir='ltr'><strong>robus</strong></span> <span class='ocrx_word' id='word_1_306' title='bbox 502 3882 597 3949; x_wconf 86' lang='lat' dir='ltr'><strong>nnius</strong></span> <span class='ocrx_word' id='word_1_307' title='bbox 636 3881 777 3965; x_wconf 79' lang='lat' dir='ltr'><strong>generis,</strong></span> <span class='ocrx_word' id='word_1_308' title='bbox 820 3881 872 3947; x_wconf 86' lang='lat' dir='ltr'><strong>val</strong></span> <span class='ocrx_word' id='word_1_309' title='bbox 912 3881 1078 3948; x_wconf 81' lang='lat' dir='ltr'><strong>conicitur</strong></span> <span class='ocrx_word' id='word_1_310' title='bbox 1114 3882 1210 3948; x_wconf 87' lang='lat' dir='ltr'><strong>rebus</strong></span> <span class='ocrx_word' id='word_1_311' title='bbox 1249 3881 1290 3946; x_wconf 87' lang='lat' dir='ltr'><strong>ad</strong></span> 
     </span>
     <span class='ocr_line' id='line_1_39' title="bbox 129 3977 1290 4060; baseline -0.007 -13"><span class='ocrx_word' id='word_1_312' title='bbox 129 3995 226 4047; x_wconf 86' lang='lat' dir='ltr'><strong>uuam</strong></span> <span class='ocrx_word' id='word_1_313' title='bbox 251 3980 409 4050; x_wconf 76' lang='lat' dir='ltr'><strong>rabonem</strong></span> <span class='ocrx_word' id='word_1_314' title='bbox 435 3996 538 4060; x_wconf 76' lang='lat' dir='ltr'><strong>aequo</strong></span> <span class='ocrx_word' id='word_1_315' title='bbox 566 3980 660 4046; x_wconf 87' lang='lat' dir='ltr'><strong>modo</strong></span> <span class='ocrx_word' id='word_1_316' title='bbox 689 3978 897 4045; x_wconf 74' lang='lat' dir='ltr'><strong>contuendis.</strong></span> <span class='ocrx_word' id='word_1_317' title='bbox 946 3977 1016 4057; x_wconf 82' lang='lat' dir='ltr'><strong>Quo</strong></span> <span class='ocrx_word' id='word_1_318' title='bbox 1044 3979 1172 4060; x_wconf 85' lang='lat' dir='ltr'><strong>quidem</strong></span> <span class='ocrx_word' id='word_1_319' title='bbox 1201 3985 1290 4053; x_wconf 65' lang='lat' dir='ltr'><strong>emec</strong></span> 
     </span>
     <span class='ocr_line' id='line_1_40' title="bbox 129 4073 1291 4158; baseline -0.003 -17"><span class='ocrx_word' id='word_1_320' title='bbox 129 4073 238 4141; x_wconf 76' lang='lat' dir='ltr'><strong>diflert</strong></span> <span class='ocrx_word' id='word_1_321' title='bbox 264 4075 306 4141; x_wconf 86' lang='lat' dir='ltr'><strong>ab</strong></span> <span class='ocrx_word' id='word_1_322' title='bbox 335 4083 378 4156; x_wconf 84' lang='lat' dir='ltr'><strong>et,</strong></span> <span class='ocrx_word' id='word_1_323' title='bbox 411 4078 498 4158; x_wconf 87' lang='lat' dir='ltr'><strong>quod</strong></span> <span class='ocrx_word' id='word_1_324' title='bbox 519 4095 640 4144; x_wconf 85' lang='lat' dir='ltr'><strong>meram</strong></span> <span class='ocrx_word' id='word_1_325' title='bbox 665 4077 918 4144; x_wconf 80' lang='lat' dir='ltr'><strong>coniunctionem</strong></span> <span class='ocrx_word' id='word_1_326' title='bbox 945 4077 1077 4142; x_wconf 79' lang='lat' dir='ltr'><strong>denotat</strong></span> <span class='ocrx_word' id='word_1_327' title='bbox 1108 4081 1219 4156; x_wconf 69' lang='lat' dir='ltr'><strong>amus,</strong></span> <span class='ocrx_word' id='word_1_328' title='bbox 1253 4079 1291 4138; x_wconf 90' lang='lat' dir='ltr'><strong>ut</strong></span> 
     </span>
     <span class='ocr_line' id='line_1_41' title="bbox 129 4170 1294 4254; baseline -0.003 -16"><span class='ocrx_word' id='word_1_329' title='bbox 129 4171 205 4254; x_wconf 84' lang='lat' dir='ltr'><strong>dixi,</strong></span> <span class='ocrx_word' id='word_1_330' title='bbox 229 4173 418 4253; x_wconf 84' lang='lat' dir='ltr'><strong>ubicumque</strong></span> <span class='ocrx_word' id='word_1_331' title='bbox 436 4175 563 4240; x_wconf 89' lang='lat' dir='ltr'><strong>obtinet</strong></span> <span class='ocrx_word' id='word_1_332' title='bbox 578 4176 681 4241; x_wconf 90' lang='lat' dir='ltr'><strong>locum</strong></span> <span class='ocrx_word' id='word_1_333' title='bbox 699 4193 799 4242; x_wconf 87' lang='lat' dir='ltr'><strong>snum.</strong></span> <span class='ocrx_word' id='word_1_334' title='bbox 823 4173 860 4244; x_wconf 86' lang='lat' dir='ltr'><strong>In</strong></span> <span class='ocrx_word' id='word_1_335' title='bbox 875 4173 1099 4241; x_wconf 76' lang='lat' dir='ltr'><strong>annectendis</strong></span> <span class='ocrx_word' id='word_1_336' title='bbox 1114 4175 1220 4238; x_wconf 82' lang='lat' dir='ltr'><strong>autam</strong></span> <span class='ocrx_word' id='word_1_337' title='bbox 1237 4170 1294 4235; x_wconf 88' lang='lat' dir='ltr'><strong>his</strong></span> 
     </span>
    </p>
   </div>
   <div class='ocr_carea' id='block_1_3' title="bbox 0 0 1522 4766">
    <p class='ocr_par' dir='ltr' id='par_1_5' title="bbox 0 0 1522 4766">
     <span class='ocr_line' id='line_1_42' title="bbox 0 0 1522 4766; baseline 0 1"><span class='ocrx_word' id='word_1_338' title='bbox 0 0 1522 4766; x_wconf 95' lang='lat' dir='ltr'><strong> </strong></span> 
     </span>
    </p>
   </div>
  </div>
 </body>
</html>
