3090 4768
284 185 323 248 18
713 175 839 218 VERBUM.
867 175 930 222 ΟΔΡ.
945 177 1004 218 vm.

282 387 314 432 ae
349 387 453 431 omues
491 369 622 446 eupiunt.
661 364 824 444 (Priscian.
863 365 917 433 lib.
954 365 1043 443 VIII,
1076 385 1106 448 p.
1142 374 1220 434 792:
1265 373 1431 447 ‚adsectati

280 466 417 552 passive,
443 457 738 537 declaudeietiatf‘l.
785 463 889 530 Flaui.
917 464 1004 531 Asin.
1034 464 1061 542 Ι,
1090 470 1118 544 3,
1148 473 1207 532 44;
1259 471 1317 531 I'l'ei
1341 473 1430 533 illaec

282 582 357 640 quae
396 563 464 622 dedi
502 557 589 621 autel
645 557 706 623 GL.
744 562 873 630 Adesse,
911 580 952 628 sc.
988 571 1071 628 sunt
1121 562 1187 630 Mil.
1223 565 1276 644 IV,
1312 570 1341 647 3,
1377 571 1430 633 10:

282 665 422 729 Sororem
445 691 490 744 ‘.
513 661 617 750 adesse
647 668 678 720 et
703 670 829 723 matrem
859 662 959 734 dicito,
989 663 1100 736 Quibus
1127 666 1322 728 amenitate
1350 676 1431 728 recte

285 763 423 826 deveniat
446 760 571 820 demum.
616 751 709 837 Epid.
733 755 774 832 ΙΙ,
799 762 827 832 2,
850 761 905 822 82:
931 760 1081 824 Gouriane
1103 763 1264 824 arbitretur
1286 779 1360 828 urar
1382 772 1431 828 tua

284 868 383 938 gnato,
409 855 463 920 ubi
486 854 635 925 Tatta:
679 853 821 933 ,‚Lamb.:
853 854 1133 937 continuatam,
1163 863 1198 922 nt
1218 849 1336 939 'gnatus
1358 867 1431 928 tuus

283 973 414 1020 uxerem
446 953 553 1027 ducat,
587 969 668 1034 quae
703 953 732 1019 ei
763 953 808 1018 sit
834 953 956 1020 arbitra
984 961 1017 1020 et
1046 956 1248 1022 moderatrix.
1293 957 1431 1026 Grutera

285 1053 454 1135 displicent
469 1049 687 1128 Lambiuiana,
710 1055 865 1132 putatque
888 1051 1008 1118 dicere:
1032 1055 1181 1120 condnue
1202 1055 1431 1136 circumspicia-

280 1158 345 1220 tur.
396 1149 479 1233 [Hoc
512 1145 779 1228 omniu01·ecte.]
830 1149 949 1216 Eodem
983 1151 1076 1216 modo
1106 1152 1239 1220 Pistoris
1272 1158 1432 1222 meteretur

283 1251 461 1330 παθητικῶς
481 1247 619 1327 exponit,
641 1246 778 1326 eligetur
801 1246 1081 1326 dispiciaturque.“
1124 1250 1207 1316 Men.
1231 1251 1310 1332 prul.
1334 1271 1362 1316 v.
1381 1259 1431 1318 14:

282 1355 368 1412 Nunc
392 1358 594 1424 argumentum
620 1347 701 1405 vobis
724 1346 889 1406 mensem
913 1348 997 1408 dabo.
1042 1345 1139 1414 Stich.
1163 1348 1190 1426 Ι,
1213 1354 1243 1427 2,
1268 1356 1299 1414 3:
1320 1353 1431 1412 damea·

282 1437 347 1513 erem
370 1449 475 1512 cibum.
521 1443 616 1508 Most.
636 1439 691 1516 IV,
713 1447 741 1520 2,
757 1449 798 1506 44
820 1448 1021 1520 pergraecari,
1044 1445 1246 1515 coniunctum
1270 1465 1341 1516 cum
1361 1447 1432 1514 aliie

280 1542 444 1612 infinitivis
473 1540 600 1622 passivi.
647 1539 761 1603 Pseud.
791 1538 816 1618 Ι,
842 1547 869 1616 5,
898 1545 971 1606 126:
1002 1546 1038 1604 de
1062 1555 1217 1620 conpecto,
1241 1545 1320 1611 item
1343 1544 1430 1624 depr.

282 1630 342 1719 ΙΙΙ,
369 1648 395 1720 l,
420 1646 475 1708 29:
498 1633 563 1722 [de]
587 1649 741 1714 conpecto.
784 1636 899 1704 Pseud.
922 1637 977 1714 IV,
1003 1645 1028 1716 1,
1050 1646 1104 1706 31:
1127 1643 1432 1710 medietatatem

282 1729 380 1808 mere.
425 1738 553 1806 Terent.
581 1737 707 1802 Pnorm.
740 1733 780 1813 11,
811 1741 838 1815 1,
869 1741 921 1800 ua:
965 1740 1113 1800 nemea
1142 1743 1213 1802 ntur
1241 1752 1310 1806 snut
1337 1745 1432 1808 annia

280 1859 348 1906 mea
384 1839 579 1901 incommoda.
639 1833 736 1900 Andr.
773 1832 816 1912 ΙΙ,
855 1837 885 1912 6,
922 1837 978 1898 20:
1033 1840 1157 1900 211-
1186 1841 1356 1905 drachumia
1393 1844 1434 1900 cet

281 1941 453 2000 opsonatum
497 1938 609 2000 decem.
668 1932 749 2000 Eun.
788 1931 828 2011 ΙΙ,
867 1937 895 2010 3,
934 1937 991 1998 93;
1038 1937 1272 2000 adulescentiam
1316 1940 1432 2004 aetem

283 2038 469 2112 despicatum.
515 2028 650 2110 Adelph.
675 2029 733 2108 ΙΙΙ,
751 2037 779 2108 5,
797 2035 850 2094 63:
874 2034 986 2093 utinam
1010 2033 1057 2095 hic
1081 2035 1119 2094 sit
1141 2036 1429 2109 medullatarum.

369 2140 396 2198 3.
420 2133 449 2198 b.
495 2131 678 2205 mamaeam
687 2132 820 2204 mestum
864 2127 1019 2210 Exempla
1035 2127 1275 2210 significationis
1289 2133 1431 2214 passivae

282 2236 356 2298 suut
378 2229 466 2296 hacc.
509 2227 588 2293 Oete
611 2227 648 2292 R.
673 2227 708 2290 R.
733 2245 758 2291 c.
782 2231 817 2290 5:
849 2229 1101 2305 arianensia,
1125 2235 1284 2297 auscultet.
1330 2230 1430 2300 Plaut.

282 2329 396 2396 Bacch.
423 2328 450 2409 Ι,
481 2334 508 2406 Ι,
539 2333 574 2394 9:
604 2336 646 2402 ut,
675 2330 726 2388 uhi
753 2327 905 2388 emeritum
934 2329 992 2388 sibi
1019 2329 1065 2396 sit,
1093 2347 1126 2390 se
1153 2331 1279 2394 reuehat
1308 2331 1429 2396 domum

281 2427 374 2510 Epid.
397 2426 436 2504 V,
460 2431 488 2507 2,
509 2430 568 2490 46:
613 2429 712 2489 Etiam
733 2426 902 2486 inclametur
924 2429 1009 2501 quasi
1030 2445 1143 2500 servos,
1166 2424 1195 2492 h.
1219 2443 1248 2494 a,
1272 2426 1429 2506 obiurgat

281 2519 407 2588 Deinde
431 2522 741 2588 commemorandum
765 2529 815 2586 est
833 2521 865 2584 h.
881 2520 901 2583 l.
920 2526 1015 2600 pottrt
1037 2541 1056 2585 a
1076 2521 1190 2591 Plauto
1206 2521 1432 2606 clarificatione

279 2623 411 2706 ,passiva
431 2650 474 2670 =
497 2624 564 2698 cept
587 2638 658 2685 cum
681 2618 822 2700 genitivo
847 2618 915 2684 eiua
931 2637 1087 2699 personae
1103 2619 1315 2702 coniunctum,
1331 2639 1357 2688 -a
1372 2638 1432 2700 que

277 2721 360 2806 -quid
382 2721 508 2808 capitur
531 2723 573 2795 (v.
596 2715 746 2782 Balbeeh.
769 2735 799 2797 p.
816 2719 880 2796 22),
903 2718 1052 2796 quoniam
1075 2723 1163 2784 extat
1184 2718 1281 2786 etiam
1305 2719 1433 2788 terbum
1513 2731 1514 2735 ’

283 2820 424 2888 activum
458 2817 597 2909 eiusdem
632 2811 871 2896 significationis
897 2818 996 2892 potire
1034 2815 1091 2892 (sic
1122 2816 1237 2901 Amph.
1268 2817 1294 2896 Ι,
1325 2824 1353 2896 d,
1381 2821 1432 2882 23:
1512 2813 1513 2826 ¹

284 2921 361 2978 Eum
392 2935 469 2982 nuno
493 2919 600 2990 pottet't
627 2927 713 2992 pater
742 2917 903 2990 servitutis,
934 2911 971 2976 ai.
1000 2913 1082 2980 Rue.
1104 2911 1160 2992 IV,
1184 2919 1214 2995 2,
1238 2920 1272 2980 6:
1317 2919 1434 2984 Pietate

283 3005 360 3082 novo
382 3033 429 3078 me
453 3019 538 3078 uberi
561 3013 741 3088 conpetenti).
786 3010 943 3092 Exempla
961 3016 1050 3082 sunt:
1096 3009 1185 3102 Oupt.
1209 3011 1235 3090 I,
1261 3018 1289 3092 1,
1312 3017 1362 3081 24.
1405 3014 1432 3087 2,
1509 3071 1510 3094 p

284 3121 339 3182 41:
369 3122 528 3193 postquem
550 3123 656 3190 gnatus
679 3122 746 3176 tuus
763 3113 892 3186 potitust
913 3111 1047 3173 tenattem.
1092 3109 1152 3188 ΙΙΙ,
1175 3114 1204 3189 5,
1231 3116 1300 3180 104.
1343 3105 1433 3189 apid.

280 3205 339 3292 IV,
364 3219 392 3291 1,
415 3217 450 3278 5:
478 3216 526 3278 lte
548 3220 638 3287 gnata
660 3229 726 3273 mea
748 3211 902 3270 eosdemse
916 3212 1023 3284 patim.
1069 3206 1195 3275 Terent.
1219 3207 1353 3289 Adelph.
1376 3203 1432 3282 ΠΙ,
1507 3239 1508 3274 t

281 3318 313 3392 4,
337 3315 390 3378 28:
436 3315 617 3389 ignetumet:
643 3311 809 3372 tacitumst:
834 3307 1026 3370 creditnmstu

372 3407 495 3478 Deinde
528 3422 739 3474 commemoro
773 3401 996 3484 impersonalia
1029 3403 1166 3482 pereira,
1200 3421 1281 3483 quac
1308 3403 1432 3470 cunstat

282 3506 415 3574 formari
446 3505 543 3572 etiam
572 3521 666 3586 posse
694 3521 713 3566 a
743 3501 848 3566 verbis
874 3500 1092 3567 intransitivie.
1137 3501 1258 3569 Earum
1280 3504 1377 3578 extat,
1400 3501 1433 3560 at
1504 3507 1505 3542 Ι

283 3606 423 3672 emnium
457 3601 712 3686 impersonalium,
747 3603 876 3686 praeter
909 3597 1039 3664 tertiam
1069 3616 1238 3682 pmeeuem
1262 3594 1432 3679 negumate

283 3705 409 3770 numeri
439 3701 535 3769 etiam
562 3697 748 3767 infinitivus.
792 3696 896 3762 Plaut.
926 3695 1014 3763 Pers,
1044 3693 1088 3776 ΙΙ,
1112 3704 1141 3776 5,
1164 3702 1197 3762 8:
1229 3698 1301 3776 qnid
1323 3699 1432 3772 aarum,
1501 3743 1502 3809 t

284 3801 469 3884 Sagaristio?
500 3808 533 3865 ut
558 3801 696 3862 natatur?
740 3795 868 3864 Terent.
896 3795 977 3860 Eun.
1000 3793 1043 3873 ΙΙ,
1066 3798 1096 3874 2,
1119 3800 1174 3860 40:
1220 3797 1297 3872 Quid
1315 3789 1432 3870 mitur?
1498 3825 1501 3899 4

283 3897 350 3964 PA.
375 3901 487 3966 saur.
534 3895 666 3978 Adelph.
689 3891 748 3973 ΙΙΙ,
772 3897 801 3974 2,
821 3900 855 3958 4:
899 3896 957 3954 Tot
979 3912 1028 3958 rea
1050 3902 1174 3972 repente
1203 3893 1432 3958 circumvallant

285 4003 364 4064 unde
389 4001 497 4076 emcrpt'
519 4016 577 4062 nou
600 4002 709 4074 petest.
754 3990 853 4059 Andr.
876 3988 931 4069 IV,
956 3994 985 4068 2,
1009 3993 1042 4055 8:
1074 3991 1187 4064 Quibus
1210 3989 1326 4068 quidem
1350 4003 1431 4066 quam

284 4100 374 4162 facile
399 4105 538 4174 patuerat
561 4095 679 4174 quiesci,
703 4094 729 4154 si
744 4095 792 4153 hic
808 4093 948 4168 quiesset.
994 4083 1133 4160 offendit
1147 4105 1168 4150 a
1183 4085 1302 4155 catone
1318 4085 1432 4150 dietmu

280 4215 356 4267 esse
380 4195 416 4260 R.
440 4194 476 4258 R.
501 4212 528 4259 c.
551 4197 607 4258 88:
652 4192 711 4254 Ubi
736 4189 931 4265 dubitabitur,
958 4194 990 4248 et
1021 4196 1109 4250 noctu
1137 4188 1190 4254 sub
1220 4192 1301 4249 tecto
1324 4184 1431 4260 ponito,
1496 4221 1497 4255 1
