3076 4762
535 173 575 212 1111
589 173 687 215 nubre.
703 195 727 204 -
739 175 963 219 ΟΟΙΙΙΙΙΝΟΤΠΙΙΒ.
1236 185 1294 248 139

130 363 238 431 pereae
258 359 421 422 innocens?
458 363 521 422 Tuo
542 364 747 426 reconcilietur
769 384 852 440 uxor,
876 381 942 428 mou
963 369 1081 428 neoeno
1103 365 1187 428 filiu?
1227 364 1296 430 Me·

133 452 217 518 deae
239 454 342 520 ,exulis
367 455 405 520 fr.
419 461 456 522 8:
481 477 547 520 nom
564 471 611 522 ter
634 464 687 525 sub
704 465 794 526 ermis
817 464 921 524 malim
936 464 1025 523 vitum
1041 481 1175 537 cornere,
1198 465 1295 539 Quom

133 557 228 614 semel
253 556 339 615 modo
360 573 480 630 perere.
524 555 561 620 fr.
591 561 642 622 15:
666 563 731 634 Quo
748 579 825 622 nune
848 579 894 620 me
917 561 1054 622 veriam?
1076 563 1155 636 quod
1170 563 1228 622 iter
1248 562 1296 622 im·

137 653 248 724 opiam
275 654 412 730 ingredi?
457 651 605 734 Thyestis
627 653 666 720 ir.
700 662 733 720 4:
776 661 869 732 Quem
905 674 972 719 nem
1006 665 1036 718 te
1083 676 1150 720 esse
1187 660 1294 722 dirum.

138 745 234 812 Ennii
256 749 317 814 inc.
340 753 422 829 breg.
446 747 557 830 fragm.
585 758 635 818 19:
670 754 820 818 bammum
844 757 964 831 rapiens
980 757 1098 818 facilius
1114 774 1167 816 ore
1190 759 1220 820 in
1247 775 1294 820 ur·

138 849 229 908 deute
253 851 395 925 opprimit
410 853 504 924 Quum
528 853 605 912 bono
621 853 702 914 diem
724 858 826 916 moeni.
874 851 979 917 Pleni.
1006 852 1116 932 Amph.
1141 853 1220 932 prol.
1266 871 1294 918 v.

140 948 194 1009 39:
220 949 343 1010 Debebis
368 951 444 1010 velle
475 969 549 1024 quae
579 951 711 1012 uelimus.
734 949 760 1024 Ι,
785 956 814 1028 3,
838 954 891 1014 28:
927 953 1036 1013 uisite
1071 971 1200 1014 emerem
1228 957 1295 1030 plu·

135 1061 261 1116 romum,
286 1047 351 1106 Non
373 1046 509 1119 facerem.
534 1046 576 1128 ΙΙ,
602 1054 630 1126 1,
657 1053 732 1112 llo:
758 1051 807 1110 ubi
830 1068 885 1126 ego
900 1050 1083 1137 oudioerim?
1106 1061 1156 1112 luo
1174 1046 1229 1130 1611
1252 1047 1292 1132 io)

138 1141 171 1202 eb
211 1137 319 1222 gebbrt
357 1139 479 1220 buben?
507 1145 594 1210 Asin.
627 1145 651 1224 1,
678 1153 704 1227 1,
731 1153 782 1210 14:
820 1149 891 1208 Dioe
921 1165 1046 1222 opsecro
1075 1149 1177 1210 berole
1215 1153 1295 1214 eurio

136 1243 216 1316 quod
240 1247 269 1300 te
292 1257 400 1318 rupem,
424 1251 544 1306 morum
569 1240 609 1320 16)
634 1242 694 1321 bio)
724 1242 832 1325 imper
865 1241 981 1311 ibuute.
1027 1262 1054 1306 v.
1087 1249 1141 1310 32:
1170 1249 1209 1308 Di
1240 1249 1295 1312 tibi

140 1339 213 1397 deut
232 1358 457 1416 quaequomque
474 1347 562 1415 optes.
598 1360 626 1402 n.
640 1347 756 1422 fisum:
781 1346 863 1416 Quor
886 1345 941 1404 hoo
965 1361 1019 1418 ego
1043 1361 1079 1406 ex
1101 1353 1131 1404 te
1154 1363 1296 1418 quaerum

136 1443 189 1496 unt
211 1455 285 1512 quor
308 1439 428 1500 miniter
452 1443 505 1500 tibi
528 1440 593 1504 -?
617 1444 677 1502 Aut
699 1461 774 1517 quor
797 1450 948 1517 postremo
964 1442 1025 1502 filio
1040 1443 1294 1507 suscenseam-i

136 1530 181 1610 ΙΙ,
202 1541 232 1605 4,
256 1539 295 1598 62
320 1553 380 1614 sq:
404 1541 429 1598 si
453 1539 529 1598 sciet
553 1571 591 1582 -
617 1540 804 1600 Susoenueut.
851 1536 910 1614 111,
933 1543 960 1610 3,
990 1541 1025 1602 19
1058 1555 1119 1617 eq.:
1152 1560 1238 1616 quem
1266 1544 1294 1604 ei

138 1631 220 1708 [ego]
242 1635 408 1708 iutellipom
429 1636 559 1696 deficere
584 1640 651 1711 vim,
677 1640 733 1697 ium
756 1640 820 1712 ipse
846 1640 944 1698 Vitam
967 1655 1061 1698 meum
1096 1641 1149 1698 eibi
1177 1640 1295 1714 lorpe'or

137 1731 227 1790 etde
251 1750 317 1794 meu
342 1733 624 1796 adtuemoddom.
672 1751 697 1796 v.
726 1737 802 1798 luo:
827 1736 923 1808 Quem
945 1744 973 1794 te
999 1737 1085 1796 deum
1116 1745 1216 1798 eutem
1243 1755 1295 1798 mo-

136 1830 267 1888 nomm?
296 1828 348 1904 IV,
380 1836 410 1909 2,
441 1833 476 1893 2:
506 1836 601 1892 emori
629 1835 676 1894 Me
700 1834 803 1892 molino
827 1851 914 1908 quem
938 1835 1012 1894 bueo
1037 1853 1094 1894 nou
1118 1836 1182 1896 eius
1206 1837 1295 1896 uxori

136 1928 272 1992 imbirem.
296 1926 334 2004 V,
363 1935 386 2004 1,
413 1932 464 1992 16;
490 1933 534 1992 Eu
557 1950 605 1992 res
630 1950 674 1992 me
700 1932 776 1992 mele
807 1932 905 2007 hebet,
935 1936 966 1990 ut
994 1949 1051 1993 uon
1079 1949 1114 1994 eo
1143 1935 1212 2007 quia
1241 1935 1294 1993 tibi

138 2042 195 2088 nou
220 2029 341 2100 copiam
363 2032 541 2104 quaerelis.
568 2028 648 2112 Aul,
665 2026 687 2105 1,
716 2034 740 2103 l,
773 2031 825 2090 li:
855 2029 974 2090 Uiiuum
1004 2047 1049 2088 me
1079 2031 1140 2090 divi
1170 2029 1293 2092 adaxint

137 2126 175 2184 ed
199 2127 399 2200 suspendium,
422 2128 523 2188 Potius
548 2129 676 2203 quidem,
700 2145 786 2202 quom
811 2129 867 2185 boo
889 2131 979 2200 pecto
1004 2129 1082 2201 opud
1105 2134 1134 2186 te
1155 2129 1293 2188 servium.

136 2218 180 2299 ΙΙ,
208 2227 234 2294 1,
259 2227 274 2288 l
301 2228 332 2286 et
354 2221 408 2302 IV,
441 2228 468 2302 6,
500 2231 517 2284 4
546 2225 642 2287 uelim.
693 2222 747 2302 ΙΙ,
774 2227 803 2300 4,
832 2225 889 2284 41:
926 2224 1070 2284 Sescenta
1104 2235 1182 2301 suut,
1218 2243 1294 2299 quoe

137 2337 302 2390 memorem,
325 2324 353 2382 si
377 2323 419 2382 eii
443 2324 545 2384 otium.
595 2319 654 2399 ΙΙΙ,
684 2327 716 2398 5,
742 2323 781 2382 20
807 2321 904 2382 iuxim.
929 2318 984 2398 IV,
1012 2323 1058 2396 10,
1087 2324 1137 2383 12;
1161 2339 1226 2381 num
1261 2324 1296 2381 ni

134 2419 253 2493 mnino
285 2439 341 2481 uon
375 2421 467 2492 fieret,
500 2423 571 2482 seio.
619 2437 645 2484 v.
677 2423 737 2482 74:
768 2422 853 2478 Nune
881 2437 998 2478 servum
1026 2436 1092 2479 esee
1123 2421 1173 2483 ubi
1196 2419 1294 2480 domm

139 2535 234 2577 meum
265 2517 451 2580 Strobilum?
479 2515 645 2597 (Robach.
676 2534 707 2596 p.
736 2520 777 2580 48
820 2514 930 2578 scribit
958 2517 1167 2592 Stropbilum).
1198 2513 1292 2594 Cupi.

141 2610 200 2691 Ill,
218 2619 292 2692 3,1:
315 2619 401 2676 Nune
417 2619 484 2678 illut
501 2625 555 2690 ost,
573 2635 659 2692 quom
678 2647 716 2656 -
733 2617 879 2676 mavelim.
904 2611 995 2678 curo.
1014 2612 1055 2692 ΙΙ,
1076 2617 1104 2684 3,
1118 2617 1172 2680 52:
1198 2614 1295 2675 Scires

141 2715 217 2772 veile
240 2717 367 2786 gretiam
390 2721 479 2776 tuem.
504 2709 557 2791 IV,
582 2721 610 2792 2,
635 2719 670 2777 8:
701 2732 794 2788 egone
823 2715 859 2775 nb
888 2716 993 2774 lenone
1023 2716 1178 2789 quicquum
1207 2715 1294 2775 Meu·
1346 2707 1348 2716 ’

137 2812 227 2885 oupio
249 2811 421 2885 accipiam?
445 2808 520 2874 cist.
546 2809 570 2890 I,
598 2817 623 2886 1,
648 2816 702 2874 34:
726 2813 786 2872 Eos
811 2813 835 2872 si
859 2813 959 2884 adeas,
977 2813 1097 2874 Abiium
1122 2829 1207 2887 quum
1230 2814 1293 2872 uui-

138 2913 199 2966 tum
222 2911 319 2968 molis.
366 2929 391 2970 v.
422 2913 491 2972 118:
516 2914 540 2969 si
564 2911 684 2985 possim,
710 2913 805 2969 velim.
831 2908 872 2981 11,
899 2913 925 2985 1,
951 2913 1004 2971 21:
1028 2911 1222 2996 quodeunque
1240 2929 1293 2984 op-

138 3012 194 3077 tes,
218 3009 273 3066 tibi
294 3011 381 3068 uelim
404 3013 585 3085 contingere.
610 3005 665 3081 iv,
694 3015 719 3084 1,
747 3011 795 3070 in:
821 3009 852 3067 Si
878 3038 914 3050 -
941 3008 1030 3082 dicut,
1055 3010 1161 3068 dicum.
1185 3005 1238 3084 IV,
1263 3010 1291 3083 2,

139 3105 193 3166 7οε
228 3108 257 3164 oi
286 3125 351 3168 enm
384 3111 537 3181 monstret,
570 3108 697 3182 gratiam
730 3108 818 3166 meai.
866 3103 957 3182 Epio.
981 3101 1023 3182 ΙΙ,
1048 3107 1077 3179 2,
1102 3109 1140 3166 72
1165 3123 1227 3182 sq:
1259 3105 1294 3164 Si

137 3220 262 3278 aequom
287 3208 353 3278 siet,
378 3208 426 3266 Me
452 3210 519 3284 plus
543 3223 648 3279 supere
672 3222 759 3279 quam
784 3223 844 3280 vos,
874 3202 1004 3262 dederim
1032 3204 1114 3264 vobis
1136 3205 1293 3264 eonsilium

136 3311 246 3373 cotum,
283 3306 367 3377 Quod
401 3308 539 3379 laudetis,
574 3311 607 3364 ut
640 3322 694 3381 ego
729 3306 844 3378 opinor,
882 3310 1015 3376 uterque.
1043 3297 1102 3377 ΠΙ,
1131 3304 1156 3377 l,
1183 3303 1235 3362 10:
1260 3298 1295 3359 Si

139 3400 240 3460 berule
265 3403 406 3481 boboam,
424 3405 572 3478 pollieeor
594 3405 707 3464 lubens.
732 3406 761 3477 4,
788 3404 840 3462 15:
872 3402 982 3472 Immo,
1015 3401 1040 3460 si
1066 3399 1175 3460 audias
1209 3401 1294 3460 Meos

138 3516 262 3573 pugnae,
284 3501 394 3575 supino
430 3505 563 3563 manibus
586 3502 721 3562 demissis
745 3502 870 3561 domum.
894 3496 950 3572 IV,
975 3501 1077 3574 2,18:
1103 3518 1161 3558 nou
1175 3507 1295 3573 patrem

136 3606 234 3670 egum
247 3602 394 3660 nominem
408 3602 469 3660 -1
494 3599 607 3664 Bacch.
631 3598 656 3676 l,
677 3603 703 3676 1,
720 3601 760 3660 46
776 3615 861 3676 sqq:
883 3598 911 3658 si
924 3629 959 3642 -ν
975 3597 1143 3656 eoenioi-
1160 3597 1217 3656 Ubi
1239 3613 1293 3671 ego

138 3701 198 3754 tum
222 3697 385 3762 admbem?
409 3717 434 3760 v.
461 3700 567 3761 64:111
591 3699 733 3773 flagitium
755 3698 804 3758 eit.
838 3693 951 3760 Bucoh.
978 3711 1008 3756 v.
1040 3697 1114 3758 139:
1144 3697 1209 3756 Nou
1239 3712 1295 3770 pur

135 3793 254 3854 uidetur
278 3815 372 3872 neque
388 3799 429 3856 sit
451 3805 691 3866 consentaneum.
715 3792 756 3870 ΙΙ,
775 3799 803 3870 3,
825 3797 897 3858 10οτ
921 3795 997 3854 Mibi
1019 3794 1084 3852 duit
1105 3793 1200 3852 eelim.
1235 3789 1294 3871 ΙΙΙ,

133 3893 165 3962 .3,
180 3896 212 3952 2:
238 3913 295 3968 quo
318 3893 446 3968 sequor?
470 3890 574 3972 mohin
599 3890 653 3972 iob
677 3891 716 3970 16)
741 3889 866 3974 iolqen?
891 3909 917 3952 v.
936 3893 991 3954 28:
1008 3891 1170 3954 adsideres.
1196 3909 1223 3954 v.
1238 3895 1321 3984 26;ὲ

139 3988 232 4061 Quom
256 3994 364 4053 librum
389 3997 515 4072 legeres,
538 3995 564 4054 si
587 3994 641 4070 [in]
667 4011 725 4054 une
742 3993 922 4066 peccavisses
945 3993 1070 4065 euliubu,
1101 3991 1203 4053 noret
1218 3992 1293 4054 coti.
1317 4000 1321 4022 ²

137 4084 253 4153 Bacch.
278 4107 307 4152 v.
332 4093 410 4154 46οε
434 4093 522 4152 Illum
546 4110 641 4152 meum
665 4094 772 4151 mulum
794 4100 968 4166 promptare
997 4091 1100 4149 malim
1127 4109 1213 4165 quum
1240 4107 1292 4164 pe·

135 4191 255 4252 culium.
303 4206 330 4250 v.
354 4192 437 4252 461:
461 4193 547 4268 Quia,
571 4193 678 4250 mulum
701 4189 727 4248 si
745 4193 901 4264 prompte,
925 4190 956 4248 in
984 4190 1048 4248 dies
1071 4187 1167 4260 faeiat
1188 4187 1292 4246 miuus.
