3048 4770
247 149 311 210 298
534 143 597 184 ΟΑΡ.
612 143 658 186 KV.
691 143 839 184 nocherus
865 142 1119 184 duodenariorum.

248 333 316 394 dum
340 351 376 394 so
399 335 478 393 intro
503 343 591 410 atque
615 334 709 395 exeo?
753 331 849 397 Poen.
873 331 912 413 V,
936 336 970 411 2,
998 335 1075 397 tae:
1110 335 1260 395 Festivom
1292 333 1405 393 iaoinus

246 433 328 492 venit
350 433 390 490 mi
412 433 441 490 in
465 440 593 492 mentem
617 433 710 492 modo.
755 431 844 495 Pers.
867 429 893 508 I,
917 434 946 500 3,
968 434 1024 495 to:
1048 427 1242 510 (Parasitus)
1267 433 1403 505 Marsup·

246 531 328 605 pium
352 530 478 591 habeat:
501 532 575 590 inibi
597 533 729 606 paullum
753 531 902 606 praesidi,
928 530 986 604 Qui
1008 528 1186 590 familiarem
1210 547 1292 591 snam
1314 531 1404 589 vitam

247 628 382 688 oblectet
403 626 500 702 modo,
524 625 578 690 ubi
599 629 683 687 modo
708 645 770 692 seo.
794 625 989 691 Gronovium
1012 643 1076 689 non
1098 632 1149 690 est
1169 627 1329 693 iserdum,
1351 622 1407 686 sed

246 721 333 804 quod
357 722 448 802 alibi,
478 726 709 790 tantummodo.
755 725 882 788 Terent.
905 723 985 788 Eun.
1006 723 1062 795 ΙΙΙ,
1085 731 1120 800 4,
1144 729 1210 789 3οι·
1237 727 1331 800 Quam
1355 724 1406 783 du-

249 823 340 883 dum?
383 819 451 884 Do.
479 823 580 886 Modo.
624 821 743 888 Heaut.
766 821 821 900 IV,
847 827 878 901 l,
901 823 937 884 4:
973 827 1015 884 At
1041 825 1115 883 satis
1143 831 1176 883 ut
1205 825 1408 897 contemplata

249 920 334 979 modo
357 924 409 980 sis.
433 916 560 983 Phorm.
585 917 610 997 Ι,
635 923 663 992 2,
687 911 837 985 ez'Mouo
860 928 893 980 ut
915 929 1017 980 tacere
1040 923 1148 996 possis.
1193 937 1221 984 v.
1247 923 1301 982 18:
1325 919 1407 978 modo

248 1035 310 1078 noo
341 1019 449 1078 montis
483 1021 549 1078 auri
583 1021 739 1095 pollicens.
789 1016 866 1082 ileo.
895 1015 959 1096 ΙΙΙ,
992 1022 1024 1096 5,
1056 1021 1092 1080 8:
1134 1021 1263 1079 Advenis
1303 1016 1407 1075 modo?

248 1112 384 1193 Adelph.
407 1112 457 1192 II,
485 1120 518 1193 1,·
540 1119 598 1179 48:
632 1119 697 1191 Age
727 1121 784 1178 iam
817 1119 921 1192 cupio,
952 1119 1036 1177 modo
1060 1119 1089 1176 si
1111 1127 1267 1192 argentum
1291 1115 1406 1174 reddat.

247 1210 305 1283 Ill,
332 1217 360 1290 1,
384 1217 413 1274 2.
443 1210 499 1290 IV,
528 1217 561 1291 1,
586 1217 644 1276 22:
676 1217 757 1290 Fuge
780 1215 865 1274 modo
886 1218 974 1274 intro.
998 1247 1041 1257 —
1063 1218 1140 1277 Mor
1163 1212 1267 1278 Plaut.
1291 1209 1406 1275 Bacch,

246 1311 303 1390 lv,
326 1317 357 1390 8,
382 1317 439 1377 39:
462 1330 553 1388 quom
574 1329 643 1371 moa
666 1312 733 1372 dieo
757 1311 873 1373 ‘dabo‘i
917 1314 987 1373 Noa
1007 1337 1051 1369 =
1072 1316 1169 1376 noctu
1191 1311 1296 1375 Plaut.
1322 1309 1407 1372 Asin.

246 1408 313 1478 ΙΙΙ,
338 1415 374 1488 3,
400 1415 437 1474 7:
464 1411 534 1470 Nom
558 1411 583 1470 si
607 1414 688 1470 voles
717 1413 850 1472 manebo.
874 1445 915 1458 -—
946 1412 1118 1484 Numquam
1140 1408 1238 1473 Naev.
1263 1406 1301 1470 ir.
1327 1404 1408 1484 Equi

246 1507 391 1572 Troiani:
422 1523 584 1581 numquam
616 1507 703 1568 hodie
726 1509 848 1583 effugies
879 1511 948 1584 quin
980 1527 1047 1569 mea
1074 1527 1163 1568 manu
1192 1509 1346 1578 Moriere,
1371 1501 1409 1566 ad

246 1624 276 1686 q.
300 1606 319 1669 l.
342 1605 577 1670 Klossmannus
599 1625 629 1680 p.
656 1607 734 1668 103:
769 1606 955 1682 „Nunquam
976 1606 1129 1669 maiorem
1153 1604 1251 1669 habet
1272 1599 1409 1682 negandi

245 1705 309 1767 vim
333 1721 427 1782 quarn
450 1722 510 1762 ooo
533 1699 662 1780 (Donat.
686 1701 727 1765 ad
750 1701 879 1767 Terent.
902 1703 1001 1767 Andr.
1026 1701 1069 1782 ΙΙ,
1094 1709 1122 1782 3,
1148 1708 1187 1766 10
1203 1707 1236 1766 et
1258 1699 1303 1779 II,
1319 1707 1351 1778 4,
1367 1699 1408 1777 i),

248 1805 338 1866 certo
361 1801 459 1864 etiam
480 1799 619 1878 tempori
641 1797 727 1864 haud
751 1817 825 1864 raro
849 1801 1034 1881 adiungitur
1058 1802 1185 1877 (Donat.
1218 1798 1408 1886 aduTerent

250 1898 384 1978 Adelph,
407 1896 463 1976 IV,
489 1901 525 1968 2,
549 1902 600 1960 31.
629 1895 733 1960 Plout.
766 1897 900 1962 Asinar.'
915 1898 978 1978 ΙΙΙ,
1003 1905 1039 1977 3,
1062 1898 1169 1974 40).“=
1194 1898 1267 1961 Ter.
1292 1895 1408 1959 Heaut.
1492 1905 1493 1934 ³

249 1995 315 2074 ΙΙΙ,
339 2000 371 2074 2,
401 1999 456 2059 48:
490 1995 664 2069 Numquam
697 1999 878 2060 commodius
911 2015 1051 2071 umquem
1079 2017 1161 2060 erum
1190 1997 1290 2058 audivi
1321 1994 1409 2069 loqui.

247 2095 297 2159 De
316 2113 398 2155 uuae
419 2111 445 2156 v.
470 2091 533 2156 vol.
556 2092 581 2156 Ι.
626 2091 675 2156 De
699 2091 930 2174 significatione
953 2113 982 2158 v.
1005 2113 1084 2156 aare
1105 2097 1168 2155 iam
1191 2099 1224 2157 et
1246 2095 1310 2152 iam
1333 2107 1410 2150 nuno

249 2211 278 2257 v.
311 2191 482 2258 Handium.
535 2190 796 2271 Exemplasunt
825 2188 928 2256 Plaut.
958 2193 1074 2273 Amph.
1105 2191 1167 2270 ΙΙΙ,
1192 2197 1226 2270 2,
1251 2193 1310 2254 56:
1342 2189 1420 2248 Iom-

249 2309 330 2352 nuno
363 2294 442 2352 irata
470 2310 527 2352 non
556 2289 607 2352 esi
652 2289 740 2354 Asin.
764 2289 844 2369 prol.
868 2309 897 2356 v.
923 2296 950 2355 1.
974 2295 1002 2355 4.
1027 2290 1090 2370 ΙΙΙ,
1117 2296 1150 2370 3,
1175 2293 1248 2353 120.
1272 2285 1410 2351 Coniun-

249 2387 338 2469 gitur
360 2389 457 2452 etiam
480 2406 551 2454 oum
574 2407 664 2462 quom
684 2405 831 2464 maome,
854 2388 985 2452 Terent.
1008 2387 1135 2453 Phorm.
1158 2386 1188 2467 Ι,
1211 2393 1246 2464 4,
1271 2389 1329 2449 26:
1358 2387 1410 2444 At·

249 2491 300 2564 qui
324 2507 398 2564 opus
422 2496 469 2548 est
494 2504 574 2546 numo
601 2505 688 2560 quom
710 2505 848 2546 morrone
867 2495 900 2547 ut
923 2491 978 2564 sis,
1008 2489 1149 2564 Antipho.
1195 2481 1332 2562 Adelph.
1357 2477 1411 2554 lv,

254 2590 281 2663 1,
299 2589 334 2648 2:
358 2586 447 2645 Nouo
468 2601 554 2657 quom
576 2602 714 2645 merome
737 2587 838 2661 operis
860 2587 974 2661 aliquid
996 2587 1098 2647 iacere
1115 2585 1214 2646 oredo.
1253 2581 1303 2645 De
1319 2595 1412 2654 reaper

250 2700 279 2745 v.
303 2680 474 2744 Handium.
499 2679 716 2744 Susenbrotus
748 2699 934 2762 grommo.
961 2687 1035 2746 120:
1071 2679 1287 2759 „Ad'verbium
1319 2693 1413 2751 nuper

252 2778 439 2860 praeteritis
460 2777 630 2841 verborum
653 2779 742 2860 iungi
769 2779 930 2860 postulat,
960 2779 1130 2844 Terentius
1152 2783 1261 2842 tamen
1284 2781 1320 2840 et
1342 2791 1413 2838 cum

253 2875 416 2957 praesenti
438 2874 571 2956 iunxit,“
594 2876 649 2942 ubi
672 2877 874 2942 hauddubie
896 2878 1041 2957 respexit
1062 2875 1167 2945 looum
1189 2875 1309 2939 Heaut.
1335 2874 1361 2952 1,
1388 2878 1412 2950 1,

164 2965 166 2972 ’
257 2979 284 3037 l.
330 2975 378 3039 De
406 2976 475 3035 olim
497 2973 643 3039 Handius
673 2975 754 3040 haee
782 2975 897 3040 habet:
932 2975 1115 3054 „Primaria
1144 2969 1336 3054 significatio
1368 2973 1415 3034 est

254 3075 311 3135 ille
333 3075 411 3148 qood
433 3075 575 3146 definitur
598 3080 731 3148 tempore,
751 3075 922 3149 aliquando.
968 3073 1176 3138 Grammatioi
1191 3072 1292 3152 igitur
1308 3068 1414 3134 neseio

256 3189 300 3261 an·
319 3189 381 3235 non
410 3179 580 3250 perspecta
606 3188 704 3236 eausa
731 3172 882 3236 dixerunt
903 3171 1068 3251 quodlibet
1095 3176 1224 3250 tempus
1251 3168 1313 3232 hae
1342 3184 1416 3248 par·

253 3269 352 3333 tinulo
374 3265 554 3350 significari.
579 3268 701 3333 Deinde
724 3267 864 3333 refertur
885 3269 927 3332 ad
950 3275 1076 3349 tempus
1105 3275 1264 3335 remotum
1288 3269 1324 3331 et
1339 3263 1414 3329 dioi-

254 3371 309 3429 tur
331 3366 442 3445 daeo,
465 3368 549 3444 quod
573 3365 680 3446 aliquo
703 3373 848 3446 tempore
871 3371 947 3431 ante
971 3372 1020 3432 est
1042 3372 1160 3446 actum,
1184 3363 1293 3430 addito
1314 3361 1416 3442 ipsius

252 3464 408 3545 temporis
429 3463 556 3528 nomine
583 3469 641 3528 aut
667 3463 736 3528 eius
759 3464 980 3546 designatione
1007 3483 1066 3546 per
1095 3461 1288 3546 particulam
1317 3477 1414 3536 ouum.

254 3561 322 3626 Neo
345 3561 519 3642 quidquam
542 3561 655 3641 reiert,
680 3567 786 3627 utrum
810 3569 936 3643 tempus
967 3564 1010 3628 sit
1037 3548 1244 3643 longinquum
1274 3577 1316 3622 an
1343 3575 1415 3637 pro-

121 3713 124 3717 .
254 3659 336 3748 pius.
363 3659 424 3725 Sed
449 3660 544 3724 etiam
567 3679 626 3740 per
649 3679 683 3724 se
705 3659 864 3742 significat
885 3667 1013 3742 tempus
1035 3657 1277 3742 praeteritum.“
1312 3657 1414 3722 Plani

254 3757 344 3822 Asin.
369 3758 435 3838 ΙΙΙ,
464 3765 498 3837 3,
525 3762 599 3823 Ι26;
634 3767 679 3822 An
712 3764 782 3836 quid
812 3763 881 3821 olim
912 3763 1055 3822 hominist
1077 3761 1180 3821 Salute
1201 3757 1347 3835 meliosi,
1379 3753 1415 3818 de

257 3874 320 3936 quo
343 3856 413 3922 loco
435 3857 582 3922 Handius
605 3875 636 3937 p.
660 3863 736 3922 371:
766 3857 958 3938 „retulerim
981 3858 1082 3923 verba
1104 3857 1144 3921 ad
1167 3873 1213 3927 ea
1236 3872 1320 3934 quae
1343 3872 1374 3916 n.
1399 3858 1411 3916 l

258 3955 400 4036 exposui,
424 3960 461 4019 ut
484 3956 526 4018 sit
548 3959 638 4019 certo
661 3954 769 4035 aliquo
792 3962 947 4036 tempore,
972 3973 1030 4020 suo
1047 3961 1207 4035 tempore:
1231 3951 1292 4016 nisi
1316 3953 1356 4017 de
1379 3967 1414 4014 eo

260 4052 470 4130 dictumest,
494 4053 580 4132 quod
602 4051 673 4116 fieri
695 4053 807 4118 solet.“
854 4053 919 4120 Mil.
944 4053 976 4132 Ι,
1002 4059 1036 4131 1,
1061 4057 1096 4117 2:
1128 4057 1222 4128 Quam
1244 4054 1317 4114 solis
1340 4050 1415 4112 radii

257 4171 325 4213 esse
348 4151 421 4214 otim
434 4165 529 4226 'quom
550 4154 685 4214 midumai
707 4157 814 4216 solent.
860 4152 971 4220 Grut.:
995 4151 1084 4232 „Est
1105 4150 1188 4215 enim
1211 4153 1281 4211 olim
1303 4148 1416 4212 adver·
