3090 4768
244 152 285 213 56
695 147 822 190 manau.
850 149 912 190 oar.
927 151 953 190 x,

240 337 352 398 mmor
371 335 538 416 genitivus
567 337 720 403 udativo
740 357 800 419 eo,
834 341 918 419 quod
940 340 991 404 hie
1014 340 1053 404 nd
1077 339 1242 406 eonsilium
1265 341 1391 424 quidem
1510 311 1511 318 ἵ

234 437 339 511 ruptus
370 439 433 512 est,
462 450 482 496 a
509 449 625 499 eaurae
653 443 761 502 autom
788 439 917 502 notione
943 455 1076 518 prorsus
1100 439 1259 505 abhorret.
1306 439 1392 518 Quae

226 529 371 610 ··quidem
393 531 443 595 ris
463 531 490 596 si
512 531 543 595 in
567 533 674 598 dativo
695 535 789 613 ineat,
813 553 875 601 non
898 537 994 602 debet
1015 537 1047 600 in
1070 535 1260 619 gerundium
1284 544 1317 602 et
1341 555 1395 619 ge·

243 629 412 692 ruudivnm
433 628 535 696 iaturi
558 637 615 694 aut
630 633 760 699 eonsilii
783 633 972 714 significatio
986 633 1106 700 inferri.
1135 635 1273 701 Additur
1288 639 1393 699 autern
1511 717 1512 720 Ἴ

235 727 285 792 'ad
309 745 348 791 ea
369 728 503 792 mamma
526 727 624 794 verba
645 735 680 794 et
702 732 866 812 adieetiva,
890 749 971 813 quae
994 734 1040 798 ita
1055 739 1129 797 aaut
1146 740 1338 814 comparata,
1359 735 1395 796 at

225 825 414 890 'terminum
444 827 623 906 requirant,
651 835 687 893 et
714 830 754 894 ad
784 831 938 896 dictiones
966 831 998 896 in
1029 831 1148 910 quibua
1168 849 1205 896 ea
1227 831 1275 896 vis
1301 831 1393 909 inest,
1512 902 1513 906 ¹

236 923 347 987 uarius
363 924 409 987 aa
431 924 501 1004 ipsa
515 925 731 992 ambutantiva.
761 927 951 1008 (Weissenb.
967 945 1004 1010 p.
1034 933 1093 993 126
1113 932 1176 1007 sq.)
1222 929 1258 993 In
1282 926 1392 992 Marcii

240 1019 327 1098 uatis
357 1023 496 1088 manliae
525 1023 627 1092 altero
656 1026 820 1107 legantur:
858 1031 918 1090 His
947 1030 1025 1090 indis
1055 1029 1202 1102 faciendis
1226 1029 1344 1103 praesit
1367 1029 1393 1086 is

237 1130 374 1196 rpraetor.
418 1121 522 1187 Plaut.
546 1122 637 1188 Trae.
662 1123 703 1203 ΙΙ,
729 1129 758 1204 2,
782 1130 837 1189 54τ
866 1145 948 1188 suam
971 1143 1028 1189 uon
1051 1127 1102 1189 ille
1126 1131 1204 1188 enim
1227 1127 1397 1186 maenian-

238 1222 284 1282 dia·
303 1223 487 1284 Moeniendis
517 1241 579 1284 uem
613 1227 719 1298 coegit.
765 1223 832 1287 Mil,
856 1224 897 1303 ΙΙ,
922 1229 950 1300 2,
976 1227 1051 1288 tot:
1085 1231 1183 1302 Atque
1211 1226 1324 1286 domini
1352 1226 1396 1283 in-

243 1322 416 1394 oestipmtdo
438 1339 556 1395 operam
578 1324 648 1383 daie
670 1325 861 1384 dissimulabo
884 1323 943 1400 [me
966 1323 1060 1399 dare}
1107 1321 1202 1388 anien
1226 1322 1251 1401 I,
1285 1325 1313 1400 2,
1341 1320 1395 1384 22ε

188 1463 190 1470 .
228 1421 419 1488 iiinorando,
443 1421 515 1480 haut
536 1422 724 1483 adversando
745 1423 922 1482 sonandam
948 1438 1065 1496 merum
1087 1437 1205 1484 censeo.
1250 1417 1348 1481 Mera.
1371 1415 1395 1486 Ι,

243 1518 274 1593 2,
296 1519 353 1580 8οτ
386 1520 584 1582 armamentis
607 1522 820 1594 complicandis,
852 1497 1054 1596 e'onponendis
1078 1517 1253 1581 studuimus.
1300 1513 1394 1580 Stich.

244 1610 282 1692 V,
301 1619 335 1692 d,
360 1619 393 1677 5:
431 1617 530 1677 Laetis
561 1618 724 1678 sternendis
756 1620 922 1681 ammanus
959 1611 1190 1692 nranditiisque
1203 1613 1395 1692 adparandie.

243 1709 340 1775 Poen.
363 1712 387 1790 I,
413 1718 441 1792 2,
466 1717 521 1777 21;
552 1715 655 1790 Neque
683 1733 821 1792 umquam
848 1719 974 1777 lavando
996 1725 1032 1777 et
1061 1715 1199 1790 fricando
1222 1718 1331 1776 seimus
1354 1711 1397 1784 fo·

236 1829 307 1872 nere
328 1814 416 1886 finem
438 1811 495 1879 (sie
516 1811 623 1880 Herm·
647 1810 739 1876 eiem.
762 1829 792 1891 p,
817 1817 901 1888 295).
949 1814 1034 1878 Asin.
1059 1811 1096 1890 V,
1121 1817 1149 1891 2,
1175 1815 1232 1876 32:
1263 1812 1341 1886 Quid
1358 1844 1394 1856 —

242 1912 322 1970 modi
354 1911 549 1984 amplexando
586 1913 701 1984 facies?
771 1909 835 1974 Mil.
870 1910 925 1986 IV,
949 1915 977 1989 8,
1017 1917 1047 1974 1:
1084 1915 1158 1986 Quid
1192 1911 1274 1970 randi
1306 1907 1397 1984 tiendo

241 2025 356 2084 quaero
388 2010 476 2069 hodie
510 2012 625 2083 faniae?
668 2007 767 2072 Pers,¹
787 2008 841 2087 IV,
872 2014 901 2086 4,
930 2015 981 2072 ll':
1018 2013 1106 2071 rebus
1138 2011 1294 2071 servandis
1327 2025 1394 2066 een·

240 2111 346 2182 auplex
368 2125 467 2168 murus
485 2115 631 2182 parnense.
677 2107 818 2170 Verbum
844 2125 904 2169 esse
926 2107 976 2171 vel
999 2107 1114 2172 eimiiia
1136 2123 1232 2185 saepe
1256 2106 1296 2170 ad
1320 2101 1391 2166 sub-

244 2205 384 2268 stantiva
411 2205 462 2269 vel
490 2205 649 2270 adieetiva
671 2205 781 2270 addita
803 2205 963 2269 verbalem
986 2201 1128 2269 efficiunt
1150 2205 1326 2280 notionem,
1359 2217 1396 2264 ex

243 2317 317 2382 qua,
341 2301 411 2368 eum
434 2303 605 2368 terminum
629 2304 780 2384 requirat,
804 2305 921 2384 pendet
937 2305 1063 2369 dativus
1081 2303 1273 2378 (Weisseub.
1291 2299 1393 2364 adnot.

246 2405 333 2476 253).
393 2401 445 2466 sie
468 2402 546 2466 Cato
570 2403 606 2466 R.
631 2402 666 2465 R.
697 2421 722 2466 e.
748 2407 783 2466 6:
821 2410 900 2480 Ager
934 2404 1008 2466 oleto
1042 2404 1222 2464 emanando
1253 2435 1289 2448 -
1322 2401 1395 2458 alias

244 2505 338 2562 nane
359 2506 457 2562 nullus
480 2504 545 2579 erit,
575 2500 629 2564 nbi
654 2501 769 2564 durum
796 2499 882 2564 foret
909 2500 1096 2581 gerundium
1127 2517 1165 2563 en
1197 2495 1394 2564 substantivo

242 2619 318 2674 aper
347 2605 457 2679 aptum
484 2615 554 2662 esse
583 2615 726 2662 censere.
770 2598 874 2663 Plane.
906 2599 988 2663 Rud.
1016 2598 1071 2678 IV,
1100 2601 1129 2678 6,
1162 2605 1191 2662 l:
1229 2595 1395 2674 Aliquando

238 2698 427 2758 meduna
450 2700 576 2773 meliust,
600 2715 682 2772 uxor,
701 2715 831 2772 pansant
853 2699 927 2771 fieri.
973 2697 1085 2778 Amph.
1109 2697 1135 2776 Ι,
1161 2702 1188 2777 1,
1216 2701 1290 2762 132:
1314 2697 1394 2754 Haec

236 2813 305 2856 nox
337 2798 439 2856 seitnst
470 2798 627 2857 enereendo
658 2802 752 2858 scorto
784 2799 930 2857 eondneto
964 2801 1051 2859 male.
1104 2792 1174 2859 Aul.
1206 2793 1248 2874 ΙΙ,
1284 2799 1310 2870 l,
1335 2791 1395 2852 ’271

247 2894 331 2966 Quod
360 2896 415 2953 tihi
444 2897 655 2970 sempiternum
684 2897 817 2956 sonem
845 2898 885 2956 sa
911 2897 1010 2956 literis
1027 2895 1233 2972 procreandis,
1260 2888 1395 2948 -Volo

240 2997 276 3050 te
306 3009 425 3052 uxorem
453 2995 570 3054 dumam
594 2995 712 3052 durare.
756 2991 851 3056 True.
874 2992 953 3072 prol.
977 3009 1004 3054 v.
1032 2997 1087 3054 la:
1116 2995 1178 3052 Dat
1208 3005 1328 3067 operam
1360 2999 1395 3043 ae

244 3095 284 3154 ait
316 3093 459 3166 relipnom
481 3093 628 3156 Poseendo
650 3099 738 3166 atque
756 3093 925 3164 *nafermdo
954 3089 1004 3178 (cf.
1027 3089 1129 3154 Rudd.
1153 3107 1181 3167 p.
1207 3091 1268 3152 247
1291 3083 1396 3160 ibique

245 3189 353 3254 adnot.
378 3194 440 3264 dir).
487 3190 611 3254 Terent.
635 3189 713 3254 Hee·
736 3186 773 3267 V,
798 3195 826 3266 3,
851 3193 906 3251 23:
941 3191 987 3250 dis
1016 3191 1104 3249 redae
1134 3193 1239 3249 anulus
1262 3187 1323 3259 fnit
1341 3179 1396 3240 ini-

245 3292 322 3350 tium
343 3290 539 3350 ravennnae
569 3287 671 3350 Plaut.
695 3285 782 3350 Pera.
806 3286 865 3364 ΙΙΙ,
891 3292 919 3362 3,
943 3291 997 3348 23:
1020 3286 1211 3359 Referundae
1231 3302 1288 3359 ego
1304 3281 1396 3341 habeo

243 3389 377 3460 iingnam
400 3392 502 3447 notam
523 3389 647 3459 proriae.
1293 3386 1295 3392 '
1321 3380 1324 3389 ’

333 3491 363 3547 4.
407 3487 585 3546 Armentiue
611 3482 759 3563 gerardii
781 3482 878 3544 aliem
902 3479 1118 3546 accusativum
1143 3481 1257 3546 obiecti
1281 3475 1397 3540 addere

249 3586 377 3645 veteres
408 3582 594 3660 noluerunt,
624 3600 664 3646 ne
695 3581 777 3644 idem
807 3595 900 3645 casus
926 3581 975 3644 irin
1005 3583 1178 3660 poneretur
1205 3595 1244 3642 ex
1266 3567 1398 3640 diversis

242 3679 432 3746 notionibus
453 3697 628 3760 suspensus
643 3679 839 3759 plerumque,
862 3685 896 3742 et
918 3683 954 3740 ut
968 3694 1033 3742 una
1046 3680 1171 3741 ratione
1193 3681 1226 3741 et
1240 3685 1352 3739 nomen
1367 3666 1400 3727 et

244 3776 440 3857 wanden
456 3778 789 3859 comprehenderetur,
812 3776 1023 3856 gerundivum
1037 3774 1263 3856 praeferebant
1282 3763 1397 3850 (Weis-

242 3874 338 3939 aenb.
362 3896 389 3952 p.
418 3873 500 3956 116).
546 3875 579 3940 Si
602 3877 642 3939 ad
664 3875 763 3939 verba
786 3875 914 3939 additur
937 3893 1000 3938 eoo.
1026 3873 1202 3955 gerundivi,
1233 3871 1313 3936 bene
1336 3859 1398 3924 dia-

240 3973 439 4038 eeruendum
462 3977 513 4037 est
534 3973 618 4041 inter
641 3991 678 4038 ea
701 3975 819 4048 verba,
852 3973 967 4052 qubus
996 3971 1074 4051 ipsis
1097 3970 1260 4036 eonsilium
1283 3960 1399 4026 indies-

239 4077 312 4151 τω,
341 4071 395 4136 ubi
427 4073 601 4144 cavendum
624 4077 684 4150 est,
715 4089 754 4136 ne
775 4070 857 4135 hano
881 4071 1042 4133 notionem
1066 4070 1097 4132 in
1121 4065 1329 4149 gerundivum
1353 4055 1400 4117 in·

239 4167 343 4251 daeae,
367 4170 450 4250 quod
473 4169 555 4234 nihil*
573 4171 632 4234 nisi
655 4168 755 4250 ipsius
775 4169 825 4233 rei
849 4167 1153 4232 administrationem
1177 4159 1342 4246 signifieat,
1362 4153 1398 4213 'et
