3090 4768
633 1227 1005 1329 Summanum.

328 1552 435 1619 Sestio
451 1551 565 1622 alteru.
597 1552 744 1634 syntaxis
767 1553 969 1619 botlenum
993 1555 1234 1636 praedicati,
1257 1555 1411 1637 inprimis

239 1665 453 1730 verborum
478 1669 510 1728 et
532 1664 811 1745 adiectivorump.
841 1670 973 1730 1-211.

327 1773 403 1856 Cap.
445 1774 521 1841 Vll:
570 1774 803 1840 Praedicati
848 1775 1038 1842 notiones
1088 1775 1129 1840 ln
1169 1775 1410 1842 universum

239 1891 482 1966 spectantur
502 1904 533 1965 p.
561 1891 650 1952 1-8.
677 1890 703 1950 1.
727 1885 813 1954 Usus
839 1886 928 1952 verbi
958 1885 1148 1954 substantivi
1171 1904 1232 1950 esse
1253 1904 1283 1966 p.
1313 1892 1409 1954 1-5.

240 2000 269 2060 2.
292 1995 479 2077 singulares
501 1995 622 2064 formae
649 1996 834 2076 praedicati.
859 1995 1065 2064 Substantiva
1082 2015 1118 2077 p.
1138 2002 1165 2061 5.
1182 2004 1211 2066 3.
1235 1997 1410 2066 Adiective

240 2112 273 2172 et
294 2107 464 2188 participia
486 2125 516 2188 p.
543 2113 570 2172 5.
592 2115 622 2174 4.
647 2107 807 2172 Aduerbio
829 2125 859 2187 p.
885 2113 978 2173 6-6.
1278 2146 1280 2156 «

324 2238 351 2282 a.
376 2218 547 2285 Verbum
571 2237 638 2299 cap.
661 2217 866 2284 VIII—XIII
888 2238 917 2300 p.
941 2223 1077 2286 8-202.
1123 2217 1197 2300 Cap.
1222 2217 1321 2284 VIII:
1354 2221 1410 2284 De

240 2329 408 2395 notione
431 2335 546 2411 atque
569 2329 784 2410 generibus
808 2331 921 2396 verbi
937 2331 973 2394 in
990 2330 1216 2394 universum
1239 2347 1268 2409 p.
1288 2334 1409 2395 8-24,

243 2446 270 2504 l.
300 2447 329 2506 2.
360 2439 556 2522 significatio
590 2441 695 2506 activa
728 2443 759 2505 in
793 2441 897 2506 forma
930 2441 1026 2506 activi
1056 2449 1088 2506 et
1122 2441 1342 2521 deponentiali
1377 2460 1409 2522 p.

239 2555 353 2616 8-16.
378 2557 406 2617 3.
429 2551 563 2616 Passiva
582 2570 611 2632 p.
639 2556 773 2616 18-20.
795 2557 824 2616 4.
848 2549 1042 2633 Significelio
1070 2549 1221 2616 reflexiva
1242 2570 1271 2631 p.
1301 2557 1353 2617 20.
1379 2557 1408 2615 5.

239 2662 503 2742 Breviloquen
513 2664 570 2729 tia
584 2663 674 2728 verbi
689 2665 722 2729 in
737 2664 860 2729 obiecto
877 2663 1034 2727 communi
1049 2681 1079 2743 p.
1098 2667 1137 2726 20
1147 2679 1192 2740 sq.
1216 2665 1244 2725 6.
1261 2661 1410 2744 Ellipses

238 2773 330 2838 verbi
352 2788 381 2853 p.
406 2779 541 2840 21-24.
566 2773 641 2856 Cap.
658 2776 718 2842 Ill:
742 2773 973 2839 InIInitivus
993 2792 1025 2854 p.
1043 2775 1178 2838 24-44.
1200 2777 1228 2836 2.
1253 2772 1314 2838 Inf.
1332 2774 1408 2840 sub-

239 2885 412 2950 stantivum
429 2885 559 2951 verbale
582 2904 611 2966 p.
630 2891 679 2951 25.
702 2891 732 2951 2.
755 2885 813 2950 lnl.
839 2883 975 2951 subiecti
989 2883 1059 2950 loco
1074 2884 1198 2964 positus
1214 2903 1244 2966 p.
1263 2888 1404 2950 25-29.

240 3000 269 3060 3.
294 2990 351 3059 lnl.
375 2994 548 3061 historicus
571 3016 602 3078 p.
626 3002 778 3063 29-31.
806 3003 836 3062 4.
859 2995 1081 3062 Nominativus
1104 3013 1129 3060 c.
1153 2992 1206 3059 inf.
1237 3011 1268 3076 p.
1295 3002 1347 3060 31.
1373 3001 1404 3060 5.
1528 2991 1529 3002 ’

237 3104 296 3170 Inf.
321 3106 486 3172 consilinm
510 3109 658 3188 exprimIt
687 3126 717 3189 p.
743 3112 781 3174 31
806 3125 852 3188 sq.
877 3111 905 3173 6.
929 3106 987 3172 lnl.
1010 3107 1158 3188 exprimit
1179 3105 1229 3185 id,
1253 3107 1340 3187 quod
1364 3124 1403 3170 ex

237 3217 363 3288 actione
392 3218 499 3298 aliqua
521 3220 729 3300 consequitur
751 3237 781 3301 p.
808 3223 857 3284 32.
882 3226 911 3284 7.
940 3223 970 3284 8.
998 3217 1058 3283 Inf.
1082 3217 1200 3284 obiecti
1221 3217 1291 3282 loco
1314 3216 1402 3298 posi-

237 3333 290 3394 tus
313 3346 344 3410 p.
369 3335 504 3395 32-42.
528 3336 558 3397 9.
580 3329 640 3396 lnl.
662 3349 722 3412 pro
738 3331 801 3395 alio
816 3349 894 3396 casu
917 3329 1054 3404 (obiecto
1069 3328 1249 3404 remotiore)
1273 3327 1400 3407 positus

236 3446 311 3520 post
333 3441 534 3507 substantiva
561 3446 594 3507 et
624 3441 782 3508 adiective
812 3446 846 3507 et
870 3440 969 3506 verba
996 3457 1026 3522 p.
1048 3445 1187 3506 42-44.
1214 3444 1261 3503 10.
1284 3435 1344 3501 Ini.
1366 3436 1400 3500 in

237 3550 519 3618 exclamationibus
542 3557 577 3618 et
598 3552 901 3636 Interrogatlonibus
923 3571 953 3634 p.
976 3557 1027 3618 44.
1073 3549 1150 3631 bap.
1173 3549 1219 3614 X:
1250 3549 1399 3615 Gerun-

236 3661 342 3727 dium
366 3667 407 3728 et
429 3663 691 3744 gerundivum
712 3683 744 3746 p.
768 3669 920 3730 44-61.
947 3668 974 3728 l.
996 3661 1218 3728 Nominativus
1240 3679 1270 3742 p.
1295 3663 1334 3723 51
1349 3674 1396 3735 sq.

236 3777 266 3838 2.
290 3773 459 3840 Genitivus
481 3793 512 3856 p.
535 3779 674 3844 52-55.
708 3782 737 3843 3.
760 3776 896 3842 Dativus
925 3792 957 3856 p.
988 3779 1028 3842 55
1052 3793 1098 3855 sq.
1129 3779 1161 3838 4.
1184 3768 1397 3837 Accusativus

236 3901 266 3964 p.
291 3889 425 3950 56-58.
458 3889 486 3950 5.
509 3886 678 3954 Ablativns
707 3905 737 3969 p.
767 3891 905 3953 58-61.
951 3883 1027 3967 cap.
1050 3885 1113 3950 XI:
1143 3884 1334 3962 Tempore
1362 3893 1394 3955 p.

236 4000 395 4064 61-100.
428 4002 521 4066 1-4.
545 3996 749 4065 Praesens
771 4016 801 4079 p.
817 4002 953 4067 61-69.
975 4003 1005 4063 2.
1029 3997 1137 4064 Praes.
1160 3992 1348 4061 historicum
1362 4005 1394 4068 p.

237 4115 385 4177 64-67.
418 4117 446 4179 3.
478 4113 638 4180 Praesens
668 4128 727 4193 pro
756 4109 865 4176 nturo
892 4129 922 4192 p.
947 4114 1083 4177 67-69.
1110 4115 1140 4176 4.
1168 4101 1392 4174 Coniunctivus

237 4224 417 4303 praesentis
445 4243 476 4306 p.
505 4229 555 4291 69.
584 4229 611 4290 5.
642 4227 672 4288 6.
706 4220 988 4302 Imperfectum
1016 4239 1047 4304 p.
1072 4224 1216 4285 69-75.
1247 4221 1275 4282 6.
1311 4211 1392 4278 Con·
