3090 4768
211 182 231 242 8
648 174 774 215 VERBUM.
802 176 864 218 OAP.
879 176 939 218 VIII.

209 364 294 429 Men.
323 364 360 444 V,
389 369 417 444 2,
449 366 477 426 1.
520 362 603 427 Men.
634 383 662 427 v.
692 367 763 428 982.
808 364 905 431 Mcrc.
935 363 977 445 ΙΙ,
1006 370 1035 444 3,
1064 369 1118 429 92:
1147 369 1190 428 ita
1215 373 1250 428 ot
1275 370 1363 429 illast.

213 462 328 528 Pseud.
352 461 408 542 IV,
430 467 460 541 4,
488 466 518 524 1:
546 465 645 524 nescis
672 467 707 524 ot
731 465 771 524 so
791 482 848 526 res.
894 462 974 528 Rud.
998 461 1053 542 IV,
1076 469 1105 540 4,
1130 467 1185 528 55:
1236 463 1279 529 Ut
1299 471 1363 525 tute

210 560 242 630 'a
263 564 335 622 item
359 563 454 623 omnis
477 561 696 622 consonasse?
740 559 868 627 Terent.
894 561 1022 627 Phorm.
1046 561 1071 641 1,
1088 566 1117 642 2,
1134 566 1161 626 5.
1206 561 1283 627 Hec.
1307 560 1363 640 IV,

214 663 241 737 1,
268 661 317 722 52.
361 656 495 738 Adelph.
523 655 583 736 ΙΙΙ,
612 661 640 732 3,
664 663 715 722 45.
758 658 862 723 Plaut.
890 659 1005 726 Bacch.
1036 677 1065 725 v.
1089 662 1166 724 549:
1212 660 1367 722 Secutast

209 759 268 818 hic.
322 774 351 820 v.
385 760 463 820 403:
514 758 590 818 utut
621 759 690 820 eris.
744 775 773 821 v.
809 761 899 822 1201.
956 758 1071 824 Pseud.
1104 757 1130 836 Ι,
1166 763 1194 836 3,
1229 763 1277 822 34.
1313 761 1363 822 76.

212 852 363 917 Aduerbii
394 853 495 917 instar
526 856 585 932 est,
620 853 647 916 si
673 854 883 936 praepositio
900 874 972 921 cum
994 855 1140 935 sequenti
1163 855 1363 920 substantivo

210 951 385 1032 praedicati
417 950 487 1015 loco
520 950 659 1032 ponitur,
694 953 739 1017 sic
773 952 900 1020 Terent.
932 955 1030 1020 Andr.
1060 954 1101 1034 ΙΙ,
1133 959 1163 1035 2,
1193 959 1244 1018 lo:
1294 957 1365 1016 Mea

212 1051 329 1127 quidem
360 1053 462 1112 hercle
492 1057 574 1111 certe
601 1053 635 1110 c'o
664 1053 752 1113 duom
779 1055 877 1115 vitast.
921 1053 1046 1118 Phorm.
1068 1052 1114 1129 ΙΙΙ,
1148 1058 1174 1133 1,
1207 1056 1261 1118 36:
1306 1055 1364 1114 Hic

210 1151 244 1209 to
269 1151 395 1227 tuomst,
423 1151 474 1210 ille
501 1149 539 1208 ad
566 1150 721 1212 dicendam
754 1169 873 1214 causam
900 1155 994 1214 adest.
1044 1149 1278 1231 Nonnunquam
1305 1149 1361 1214 od·

210 1246 355 1310 verbium
377 1264 448 1311 cum
471 1245 671 1312 substantivo
693 1247 726 1310 in
749 1265 844 1312 unam
864 1249 1026 1323 notionem
1046 1247 1200 1314 coalescit
1223 1241 1283 1325 (ὑφ’
1309 1248 1364 1327 ἓν),

212 1343 252 1408 de
275 1362 339 1425 qua
360 1364 396 1410 re
418 1345 489 1409 vide
513 1343 609 1407 etiam
632 1343 665 1408 iu
687 1344 816 1410 notione
840 1346 1031 1412 substantivi
1051 1347 1070 1424 ξ
1088 1352 1105 1410 7
1129 1345 1254 1427 (eodem
1270 1345 1363 1410 modo

213 1442 299 1522 apud
326 1441 477 1523 Graecos,
505 1441 577 1507 vide
605 1441 723 1507 Bernh.
747 1461 777 1523 p.
803 1445 888 1522 338).
935 1445 986 1510 Sic
1009 1444 1113 1510 Plaut.
1138 1445 1227 1510 Pers.
1250 1443 1309 1522 ΠΙ,
1338 1449 1363 1516 1,

210 1545 263 1605 57:
299 1561 356 1602 non
391 1551 423 1602 tu
456 1561 534 1604 mooe
567 1544 719 1605 hominum
755 1563 852 1607 mores
886 1545 1003 1620 uuest,
1039 1543 1080 1607 ad
1113 1560 1142 1623 q.
1174 1540 1195 1606 l.
1229 1540 1362 1622 Scalig.:

211 1633 407 1720 ,ἀνθρώπων
428 1640 487 1702 τῶν
517 1641 569 1702 νῦν
597 1633 704 1704 ὄντων.
749 1639 801 1706 Sic
822 1641 910 1722 Virg.
937 1647 1011 1706 ante
1038 1675 1079 1686 -
1106 1642 1272 1717 malorum,
1303 1639 1365 1700 τῶν

212 1737 383 1817 ἔμπροσθεν
405 1739 514 1816 κακῶν,
544 1737 576 1803 id
600 1743 649 1804 est
670 1739 918 1820 praeteritorum
940 1737 1103 1804 malorum.
1149 1737 1263 1802 Tibull.
1288 1740 1364 1802 onte

209 1869 251 1880 --
275 1853 390 1916 comos,
412 1831 467 1906 τὰς
489 1836 559 1916 πρὶν
581 1831 681 1915 κόμας.
728 1836 841 1902 catull.
865 1837 939 1903 olim
963 1836 1154 1917 -furores,
1176 1831 1247 1909 τοὺς
1268 1828 1365 1897 πάλαι

209 1928 336 2014 soporis,
368 1935 413 2000 ita
441 1934 569 1999 Terent.
594 1934 692 2000 Andr.
716 1935 740 2012 I,
765 1940 793 2017 2,
816 1943 852 2000 4:
882 1940 927 1999 eri
953 1955 1066 2012 semper
1095 1938 1200 1998 coctos
1228 1936 1364 1997 Verebar

209 2051 348 2108 quorsum
372 2037 519 2096 evaderet.
563 2032 606 2097 Et
628 2049 754 2113 semper
775 2069 817 2078 -
840 2034 929 2110 deus,
952 2033 1038 2114 apud
1053 2033 1165 2115 Virgil.
1188 2037 1221 2098 et
1236 2048 1364 2111 semper

212 2162 255 2173 -
276 2147 407 2211 pauper,
435 2130 488 2197 lib.
512 2135 532 2195 4
556 2130 771 2196 Distichorum
794 2133 923 2213 Dionys.
950 2129 1079 2196 Catonis
1107 2149 1204 2196 unum
1227 2131 1363 2194 verbum

210 2226 287 2292 est.“
332 2229 444 2309 Amph.
467 2229 510 2309 ΙΙ,
534 2234 562 2307 2,
588 2235 663 2296 138:
693 2233 774 2294 totos
794 2237 934 2308 pateram
955 2230 1090 2310 proferto
1112 2229 1202 2306 foras,
1226 2245 1255 2294 v.
1278 2226 1363 2306 Pan,

210 2326 352 2404 Taubm,
380 2329 521 2394 Lindem.
997 2326 1002 2346 ³

583 2635 636 2714 u.
687 2635 853 2717 doctrina
879 2637 988 2716 verbi.

697 2844 768 2920 Gap.
791 2845 872 2907 VIII.

232 3023 288 3088 De
316 3025 472 3091 notione
499 3033 615 3107 atque
640 3028 855 3110 generibus
885 3026 999 3094 verbi
1030 3027 1068 3090 in
1099 3025 1334 3120 universum.

295 3215 322 3274 1.
346 3229 372 3274 a.
417 3211 600 3289 &prostratio
622 3219 719 3278 actuo
742 3213 963 3295 complectitur
980 3211 1140 3278 notionem
1156 3208 1358 3274 transitivam
1389 3211 1391 3216 ‘

210 3312 244 3372 et
264 3307 497 3375 intransitivum
520 3316 553 3374 et
574 3311 606 3374 in
633 3313 728 3378 activi
750 3311 851 3377 forma
874 3311 960 3377 etin
983 3307 1206 3390 deponentiair.
1250 3305 1359 3370 Verba

210 3405 377 3470 transitiva
406 3425 626 3488 nonnunquam
656 3428 719 3476 non
745 3411 777 3474 id
806 3408 890 3490 quod
917 3409 986 3488 ipse
1015 3405 1128 3486 aliquis
1154 3403 1231 3470 facit
1260 3402 1359 3484 signi-

211 3499 317 3584 ficant,
340 3505 395 3569 sed
418 3506 502 3584 quod
524 3524 583 3586 per
604 3507 700 3572 alium
722 3507 898 3573 faciendum
921 3510 1019 3570 curat.
1065 3503 1116 3570 Sic
1132 3503 1258 3567 Terent.
1276 3501 1357 3566 Eun.

210 3599 235 3681 1,
263 3606 295 3682 Ι2,
327 3607 381 3667 37:
430 3605 530 3666 Meter
564 3607 613 3668 ubi
647 3609 774 3685 occepit,
808 3608 908 3681 coepit
940 3606 1071 3667 studiose
1106 3604 1206 3664 omnia
1238 3603 1358 3671 Docere,

211 3701 348 3778 educere,
380 3705 423 3765 ito
450 3705 494 3764 uti
521 3711 603 3765 osset
631 3704 702 3778 fllia,
737 3702 832 3782 adq.
860 3703 879 3767 l.
906 3699 1049 3766 Ruhnk.:
1094 3700 1248 3779 „Docere
1278 3699 1298 3762 i.
1329 3713 1357 3762 e.

210 3797 280 3863 aliis
303 3799 478 3866 docendum
500 3798 657 3881 traderc“‚
681 3798 717 3865 cf.
741 3800 849 3865 Bromi
872 3800 913 3865 ad
934 3798 1050 3880 Nepot.
1072 3816 1103 3879 p.
1121 3800 1182 3862 356
1205 3793 1359 3874 (erudivit

210 3921 252 3946 =
268 3898 475 3964 erudiendum
499 3897 631 3978 curavit,
654 3903 691 3963 ut
707 3898 902 3965 Graecorum
919 3889 1066 3959 διδάσκειν
1080 3913 1138 3976 pro
1154 3890 1360 3972 διδάσκεσθαι,

210 4010 238 4055 v.
270 3993 382 4060 Heind.
412 3998 452 4063 ad
478 3997 608 4078 Protag.
637 3998 657 4076 ἓ
686 4003 747 4072 41).
798 3999 888 4060 Notio
922 3996 1082 4060 ocmdtca
1114 4008 1209 4073 saepe
1243 3989 1360 4055 omisso

211 4089 332 4156 obiecto
360 4111 395 4158 se
423 4095 579 4160 convertit
608 4093 654 4159 in·
670 4094 910 4161 intransitivum.
959 4094 1011 4163 Sic
1037 4095 1117 4161 Cato
1145 4113 1194 4175 ap.
1225 4087 1288 4154 Cic.
1319 4086 1359 4151 de

211 4186 261 4254 off.
284 4189 326 4272 ΙΙ,
356 4196 395 4256 22
422 4191 574 4269 (Perizon.
602 4192 643 4257 ad
671 4192 773 4258 Senot.
804 4193 879 4258 Min.
911 4211 940 4274 p.
965 4197 1054 4273 301):
1086 4213 1187 4274 aquo
1211 4188 1358 4269 (Catone)
