3048 4770
263 129 371 170 GENUS:
385 129 486 170 Fortun
501 129 672 170 undantium.
687 149 712 158 -
725 127 870 171 NUBOERUS.
884 151 909 160 -
924 131 1120 174 (ΙΟΙΙΡΑΙΙΛῬΙΟ.
1216 143 1276 205 205

107 321 203 383 drist:
233 323 263 380 in
293 327 356 384 eost
381 322 531 396 parasitus
561 322 657 383 solox.
702 317 749 384 lb.
772 339 803 383 v.
828 325 885 386 32:
916 325 945 382 iu
969 326 1152 386 Eunuchum
1179 345 1276 402 mom,

107 415 389 483 so·iabula1n.ib.
414 415 470 496 IV,
493 421 526 492 3,
551 421 584 482 3:
614 419 690 492 Quin
722 419 811 483 etism
834 421 1088 498 insuperatam,
1118 433 1276 502 postquam

108 517 296 590 ludificamur
323 516 482 591 uirginem,
510 531 570 596 pro
597 516 744 579 scelestus.
771 549 814 559 —
845 515 878 582 Si
900 516 994 596 plura
1023 523 1099 584 sunt
1122 521 1276 602 subiecta,
1332 553 1335 560 ·

106 612 152 678 ad
178 629 260 692 quoe
287 611 477 678 adiectivum
500 618 551 676 est
573 609 789 692 referendum,
817 613 954 692 primum
977 615 1124 683 notiones
1153 619 1277 685 obstru-

111 715 184 778 ctae
205 716 240 777 et
261 711 407 776 notiones
428 729 536 776 rerum
559 709 725 776 materiem
750 708 964 791 significantes
986 712 1018 778 iu
1042 715 1158 795 plurali
1189 717 1278 797 pusi·

110 815 165 876 tae
182 810 266 874 inter
282 827 317 875 se
332 808 482 890 coniungi
504 813 646 889 possunt,
672 808 757 888 quod
773 809 799 874 si
815 807 861 889 fit,
885 810 982 876 etiam
1004 811 1152 880 adieetivi
1174 831 1277 896 genus

110 908 284 972 concordat
309 924 381 972 oum
411 905 537 971 illarum
569 923 695 986 genere·
741 904 874 987 (Reisig.
898 926 928 988 p
953 911 1041 986 315).
1072 911 1125 978 Sic
1147 911 1275 978 Terent.

111 1005 246 1087 Adelph.
270 1004 332 1084 111,
350 1008 383 1084 2,
405 1008 463 1070 33:
500 1007 530 1065 in
561 1023 619 1083 quo
647 1011 768 1066 nostrae
796 1023 864 1079 spes
893 1025 1017 1086 opesque
1050 1029 1152 1072 omnes
1189 1013 1274 1072 uitur.

112 1103 150 1168 In
172 1103 270 1170 rebus
291 1101 439 1170 animatis
462 1106 571 1170 autem
595 1100 723 1182 dignius
746 1106 797 1167 est
818 1119 920 1182 genus
943 1105 1152 1174 masculinum
1180 1123 1275 1186 quam

113 1201 299 1269 femininum
328 1199 423 1278 (Rud.
448 1198 497 1270 Il,
530 1216 561 1281 p.
593 1203 633 1266 80
656 1198 726 1279 sp).
773 1199 825 1266 Sie
851 1201 932 1268 Eun.
956 1201 1024 1284 ΠΙ,
1048 1209 1079 1284 3,
1104 1210 1159 1268 li:
1189 1225 1277 1283 quom

113 1303 231 1379 pridem
262 1307 354 1376 peior
375 1301 452 1362 Mihi
479 1308 511 1363 et
536 1304 632 1360 muter
660 1303 773 1360 morou
802 1310 913 1363 essent.
961 1301 1058 1367 Andr.
1086 1301 1129 1380 V,
1154 1307 1192 1375 3,
1221 1307 1275 1369 20:

112 1401 242 1469 Dotatae,
269 1417 360 1467 seor,
388 1398 475 1460 liberi
501 1397 618 1458 maeoti
640 1399 732 1459 invito
761 1406 858 1474 patre.
904 1398 988 1464 Eun.
1012 1398 1051 1478 V,
1076 1403 1106 1479 2,
1133 1406 1162 1466 1:
1187 1405 1277 1480 apud

5 1507 6 1510 ’
114 1499 316 1573 Antiphonem
344 1500 483 1571 uterque,
511 1499 608 1556 mater
635 1499 663 1554 et
682 1500 772 1568 paler
798 1499 938 1570 -domi
969 1508 1065 1560 eruut
1109 1498 1276 1564 Interdum

115 1611 218 1675 genus
241 1591 390 1658 adiectivi
413 1592 587 1659 coneordat
610 1607 683 1656 oum
700 1607 745 1654 eo
762 1593 974 1666 substantivo,
998 1595 1049 1663 eui
1064 1594 1208 1676 proxime
1224 1602 1276 1662 est

115 1691 310 1774 appositum.
341 1687 393 1756 Sic
408 1689 507 1754 Andr.
530 1688 590 1766 ΙΙΙ,
611 1694 637 1768 Ι,
654 1694 690 1753 ⁵:
714 1691 835 1760 Utinam
858 1701 911 1754 aut
933 1695 981 1754 lio
1005 1697 1114 1758 surdus
1137 1702 1190 1758 aut
1204 1698 1277 1760 totu

114 1797 197 1854 muto
220 1791 305 1864 sueto
327 1787 376 1854 sit.
419 1786 579 1865 monili,
602 1794 632 1866 4,
656 1792 690 1852 3:
716 1787 777 1850 dati
801 1795 899 1856 sauli:
923 1792 1011 1870 meua,
1036 1799 1148 1867 tenpus
1170 1796 1276 1856 oouuti-

114 1895 250 1953 dumont.
374 1947 380 1956 .

201 1993 230 2050 4:
281 1983 392 2050 Genus
423 1989 561 2048 neutrum
593 1982 821 2048 adiectivorum
853 2001 948 2064 saepe
979 2003 1037 2066 pro
1072 1988 1273 2054 substantivo

113 2083 277 2148 abstracto
307 2086 491 2162 usurpatur.
541 2080 593 2146 Sic
615 2079 700 2160 apud
723 2079 878 2146 Catonem
907 2082 943 2146 R.
974 2083 1011 2147 R.
1042 2102 1067 2150 e.
1099 2092 1135 2150 5:
1167 2087 1276 2150 Aliaeu

116 2199 235 2260 monum
264 2184 426 2260 abstineut..
477 2177 528 2246 Sis
558 2177 670 2244 dubito
699 2196 796 2256 nunc,
830 2186 938 2244 utrum
975 2181 1005 2244 in
1038 2183 1209 2262 nardinum(
1234 2183 1278 2249 sit

118 2279 240 2360 ellipsis
265 2297 293 2340 v.
316 2281 433 2356 uinum,
460 2295 502 2342 au
532 2275 638 2357 potius
666 2275 728 2350 lruo
756 2277 799 2341 sit
825 2276 1044 2350 referendum,
1074 2278 1178 2348 Pluut.
1210 2279 1277 2346 Mil.

117 2377 179 2458 ΙΙΙ,
196 2382 225 2453 2,
244 2382 297 2442 11;
319 2379 515 2454 Itoprompsit
536 2377 661 2438 nardini
684 2379 855 2452 ampliorum
879 2378 1035 2450 cellarius,
1059 2377 1099 2440 ad
1122 2395 1150 2456 q.
1166 2377 1187 2441 l.
1211 2377 1279 2443 Sal-

118 2475 252 2540 masius:
277 2477 470 2554 „Nordiuum
492 2472 639 2540 absolute
660 2491 719 2554 pro
742 2472 874 2538 nardino
898 2472 970 2537 vino
1000 2490 1058 2536 seu
1081 2474 1181 2540 nardo
1205 2493 1279 2542 oon·-

116 2573 548 2651 dito,.ntmurrluirtump1·o
579 2571 710 2639 murrho
736 2568 895 2637 eondito.“
941 2570 1058 2636 Pseud.
1082 2571 1137 2651 iv,
1164 2579 1197 2654 7,
1222 2581 1277 2640 59;

115 2675 181 2734 Iam
206 2673 253 2734 dio
275 2673 401 2735 multum
423 2688 500 2744 esse,
524 2669 609 2749 adq.
633 2669 654 2733 l.
678 2668 868 2736 Salmasius:
892 2667 1001 2748 „Haeo
1017 2669 1161 2750 lupentio
1185 2671 1279 2738 uelde

115 2769 258 2848 antiquis
279 2767 458 2845 iamiliaris;
488 2772 552 2832 dies
576 2772 697 2830 multum
714 2771 892 2844 praeteriit:
922 2769 980 2828 iam
1004 2771 1064 2830 diei
1079 2774 1203 2838 multum
1220 2780 1276 2846 est,

117 2866 234 2932 Graeci
257 2859 373 2928 πολλὸν
395 2867 447 2945 τῆς
469 2858 588 2944 ἡμέρας.
624 2868 684 2928 Die
706 2857 850 2944 ἀρχαϊκὸν
872 2881 930 2943 pro
954 2863 1047 2929 diei.“
1092 2867 1174 2932 Rud.
1199 2868 1278 2948 prol.

116 2982 148 3026 v.
164 2967 219 3028 69:
242 2967 378 3040 increpui
402 2965 567 3038 literam,
583 2989 627 3018 .-.:
642 2962 767 3028 insonui
788 2960 921 3028 hiberno
938 2979 1027 3026 more
1050 2980 1113 3028 see.
1136 2962 1276 3032 Gronov.

112 3062 246 3128 Terent.
270 3061 351 3126 Eun.
375 3058 438 3140 ΙΙΙ,
461 3066 491 3136 Ι,
514 3068 548 3126 4;
566 3064 673 3136 puroet
694 3064 736 3124 nil
760 3071 816 3124 est·
854 3123 857 3128 .

207 3167 234 3224 o.
260 3177 285 3224 e.
330 3159 437 3224 Etiam
459 3176 599 3222 mutamus
621 3157 771 3225 adiectivi
786 3156 947 3225 interdum
970 3157 1117 3236 sequitur
1140 3165 1280 3224 structu·

118 3276 189 3324 rom
206 3258 246 3322 ad
262 3273 391 3322 sensum
407 3260 442 3320 et
455 3256 586 3337 ponitur
602 3259 633 3323 in
653 3255 770 3338 plurali
787 3263 861 3335 post
884 3254 1085 3322 substantiva
1100 3257 1277 3323 collectiva.

118 3357 173 3422 Sic
195 3355 300 3420 Pium.
321 3353 403 3420 dist.
426 3353 457 3434 Ι,
479 3360 510 3434 l,
536 3361 593 3420 24:
616 3359 713 3418 Decet
734 3388 777 3398 —
802 3358 879 3416 tuae
901 3373 967 3416 usse
993 3355 1125 3416 ordinem
1147 3359 1278 3429 Benivo-

111 3457 206 3516 lentia
240 3459 320 3516 inter
355 3471 432 3516 sese.
477 3450 542 3533 (sio
571 3456 651 3534 Apg.
680 3452 772 3518 Both.
802 3456 923 3528 ouum).
968 3451 1116 3531 Aquilius
1147 3453 1280 3519 Boeotia

115 3550 154 3616 fr.
182 3557 209 3631 1,
234 3570 262 3616 v.
287 3558 321 3618 9:
345 3555 451 3616 Maior*
466 3571 542 3626 pars
563 3555 667 3629 populi
690 3563 722 3614 ut
743 3552 828 3612 ouidi
843 3558 965 3626 reptent
983 3552 1069 3614 lame.
1102 3550 1279 3632 Singularis

111 3649 244 3731 positus
275 3656 326 3714 est
353 3649 476 3716 relatus
511 3649 553 3716 ud
581 3650 743 3730 posterius
777 3652 901 3718 tautum
938 3646 1172 3714 substantivum
1208 3650 1279 3719 Ter.

115 3749 199 3814 Eun.
222 3747 273 3827 ΙΙ,
299 3753 333 3823 3,
358 3753 415 3814 93;
446 3766 521 3824 quae
544 3765 598 3808 uos
620 3753 809 3822 nostramque
838 3747 1067 3808 adolescentiam
1091 3751 1211 3810 Habent
1232 3751 1280 3812 de-

113 3849 270 3922 ditium·
1105 3911 1110 3921 .

204 3950 235 4010 6.
255 3947 284 4010 d.
313 3946 521 4020 demoratio
549 3941 724 4025 (gradatio)
754 3944 901 4007 adieetioo'.
946 3943 1001 4010 Ad·
1031 3945 1280 4018 comparationum

113 4043 149 4108 in
172 4043 358 4110 universum
381 4042 465 4122 quud
488 4043 616 4122 attinet,
639 4059 851 4109 commemoro
869 4057 1094 4120 nonnunquam
1117 4039 1202 4120 apud
1217 4039 1278 4104 La·

113 4142 203 4208 tinus
224 4141 310 4207 idom
334 4139 451 4205 idioma
466 4139 608 4217 inveniri¹
633 4139 718 4220 quod
741 4141 826 4220 apud
842 4139 982 4206 Graecos
1006 4137 1276 4217 multotiequem
