3076 4762
518 165 557 206 DE
572 163 669 209 uenis.
682 185 709 194 -
735 164 958 205 coutuno'ulvus.
1060 215 1067 232 '
1245 171 1305 233 185

148 369 337 419 concessum
367 353 546 420 arbitrium.
591 351 655 418 Sed
687 353 720 418 in
746 353 945 433 narratione,
973 371 1037 433 qua
1065 352 1223 434 quomodo
1253 369 1307 418 res

147 451 342 518 cohaereant
382 453 565 534 exponitur,
605 452 803 532 necessario,
846 451 908 516 nisi
951 451 1147 532 negligentia
1184 458 1307 530 peccat,

146 548 371 630 imperfectum
395 550 578 632 requiritur.
602 583 645 599 --
668 548 771 626 Quum
803 567 866 615 non
894 550 1027 630 simplex
1054 553 1104 614 est
1130 566 1236 614 rerum
1259 548 1307 612 in-

147 647 276 723 dicium,
300 647 357 713 sed
373 649 543 714 intercedit
558 647 721 728 cogitatio,
745 647 920 726 eonsilium,
944 647 1102 724 voluntte,
1124 645 1305 714 necessario

148 745 280 826 ponitur
301 747 532 811 coniunctivus.
554 779 598 793 -
619 746 671 811 lta
692 744 737 824 lit,
761 753 798 809 nt
822 746 1020 814 coniunctivo
1043 743 1076 811 id
1099 744 1306 826 exprimatur,

147 843 233 922 quod
257 861 297 907 ne
319 841 392 922 liat,
423 843 509 908 aliud
538 844 613 924 quid
636 845 863 924 praemittitur.
887 877 928 890 -
951 842 1010 907 Ille
1032 841 1210 924 imperfecti
1233 860 1306 908 con·

146 940 307 1006 iunctivus
339 941 512 1022 respondet
534 942 678 1022 optativo
710 941 915 1006 Graecorum.
940 972 985 990 --
1010 939 1149 1006 Pertecti
1176 940 1306 1006 coniun-

146 1039 265 1103 ctivum
289 1040 415 1119 probati
438 1039 612 1120 scriptores
635 1056 698 1104 non
721 1039 933 1119 usurpabant,
962 1039 1024 1104 nisi
1047 1039 1102 1106 ubi
1124 1039 1187 1104 alia
1208 1056 1306 1104 causa

146 1137 320 1202 accedebat
341 1138 373 1201 in
395 1137 539 1202 oratione
561 1137 612 1202 vel
635 1157 674 1202 ex
698 1137 803 1202 aliena
825 1138 984 1204 sententia
1011 1135 1227 1216 dependente,
1253 1135 1306 1202 vel

146 1233 209 1299 alio
239 1237 332 1299 modo
361 1235 558 1316 obliquata.“
602 1235 691 1300 Idem
721 1235 761 1300 de
784 1240 967 1311 priusquam
998 1234 1052 1313 lV,
1075 1253 1105 1314 p.
1135 1239 1198 1299 568
1220 1250 1306 1314 sqqc

146 1332 281 1410 „Totius
296 1335 492 1413 quaestionis
507 1334 747 1402 fundamentum
763 1334 795 1398 in
813 1351 850 1398 eo
867 1335 1018 1411 cernitur,
1041 1332 1128 1412 quod
1149 1338 1206 1400 aut
1220 1332 1305 1398 duae

145 1447 198 1494 res
222 1437 309 1496 certo
333 1433 366 1495 in
389 1436 534 1512 tempore
551 1437 782 1513 componuntur
805 1436 1008 1512 apparentes,
1030 1437 1088 1497 aut
1109 1431 1194 1496 inter
1207 1448 1243 1498 se
1258 1431 1306 1496 its

145 1534 386 1609 comparantur,
419 1539 455 1593 ut
482 1530 586 1596 altera
616 1549 675 1612 pro
701 1531 882 1596 corrditione
918 1528 1051 1595 alterius
1080 1528 1241 1594 habeatur
1271 1534 1305 1594 et

145 1634 353 1707 exspectetur
375 1625 451 1692 fieri.
498 1627 566 1694 Hoc
595 1647 693 1709 quum
716 1629 747 1692 in
777 1627 973 1709 cogitatione
996 1633 1144 1694 versetur
1166 1626 1234 1692 sive
1256 1626 1305 1692 lo·

143 1726 288 1804 quentis,
322 1725 389 1790 sive
412 1727 496 1806 eius,
525 1727 564 1792 de
587 1745 650 1807 quo
681 1733 846 1806 narratur,
877 1725 1077 1794 coniunctivo
1105 1725 1305 1806 exprimitur.

142 1821 306 1903 Reisigius
332 1823 365 1887 in
392 1843 524 1905 gramm.
552 1844 583 1905 p.
607 1830 669 1890 526
692 1824 813 1901 omnia,
842 1840 923 1906 quae
946 1825 988 1890 ad
1009 1823 1152 1890 futurum
1175 1829 1304 1905 tenpus

143 1923 512 2000 spectarevidebatur,
534 1924 645 1990 retulit
667 1925 708 1990 ad
723 1921 936 1988 differentiam
959 1923 1044 1988 iuter
1064 1922 1246 2002 negativam
1270 1927 1306 1988 et

143 2015 368 2085 affirmativam
394 2023 587 2087 sententiam
610 2024 870 2098 intercedentem,
894 2039 957 2084 non
971 2025 1136 2100 reputans,
1159 2021 1303 2100 negatio·

142 2133 215 2182 nem
240 2135 303 2182 non
326 2137 396 2183 esse
430 2135 586 2200 caussam,
621 2124 818 2200 quapropter
840 2119 1060 2183 coniunctivus
1076 2122 1222 2200 ponatur,
1246 2117 1303 2184 sed

141 2215 175 2280 id
197 2216 270 2280 ideo
294 2215 373 2288 lieri,
396 2219 544 2298 quoniam
560 2237 613 2283 res
628 2223 746 2299 negata
762 2235 824 2284 non
838 2217 871 2281 in
886 2221 1093 2298 conspectum
1108 2217 1223 2294 veniat,
1246 2216 1304 2282 sed

144 2315 339 2394 cogitatione
370 2321 579 2398 supponatur.
626 2317 736 2396 Neque
768 2316 830 2380 alia
859 2319 910 2380 est
933 2330 1057 2391 caussa,
1080 2315 1206 2395 quando
1229 2332 1305 2380 con·

142 2412 303 2480 iunctivus
330 2414 364 2478 in
395 2415 433 2480 iis
468 2415 638 2480 sententiis
668 2424 857 2494 usurpatur,
879 2413 1007 2493 quibus
1034 2431 1087 2480 res
1114 2412 1305 2492 exprimitur

142 2528 242 2590 saepe
269 2510 357 2577 iacta
388 2513 439 2577 vel
467 2509 536 2576 fieri
571 2511 674 2578 solita.
720 2513 813 2576 Ratio
841 2512 926 2577 enirn
962 2511 1098 2576 duarum
1130 2527 1239 2576 rernm
1270 2509 1304 2574 iu

142 2615 289 2688 tempore
309 2616 367 2674 aut
389 2615 521 2678 externa
543 2617 594 2676 est
620 2630 679 2692 per
700 2610 905 2676 indicativum
929 2608 1152 2691 significanda,
1176 2617 1234 2675 aut
1255 2611 1306 2672 in-

141 2712 244 2785 terna,
268 2717 349 2788 quae
374 2709 567 2789 cogitatione
589 2707 728 2777 elfioitur
749 2711 810 2789 ita,
842 2718 878 2773 ut
907 2727 960 2774 res
988 2708 1125 2774 caussali
1155 2708 1206 2773 vel
1229 2725 1305 2772 con·

141 2805 287 2870 ditionali
311 2822 394 2870 neru
418 2807 588 2872 cohaerere
612 2814 669 2872 aut
690 2809 793 2872 altera
816 2825 926 2873 aarum
949 2807 1120 2887 negatione
1143 2805 1222 2885 tolli,
1245 2812 1303 2890 aut

141 2904 304 2968 sententia
330 2923 391 2967 non
420 2905 460 2969 de
487 2915 739 2986 reapparente,
767 2906 822 2971 sed
852 2907 885 2970 in
914 2906 1094 2976 universum
1127 2905 1166 2968 de
1193 2905 1302 2984 rebuS,

140 3017 223 3080 quae
237 3000 307 3066 ficri
322 3003 453 3083 possint,
478 3012 631 3085 concepta
652 3004 799 3070 videatur
815 3005 913 3085 (quod
927 3003 1022 3084 logici
1037 3002 1301 3082 problematicum

139 3097 293 3164 iudicium
316 3107 452 3172 vocanti.
484 3102 699 3183 Scriptoribus
722 3107 829 3168 autem
852 3102 939 3182 optio
963 3119 1060 3180 saepe
1083 3105 1133 3164 est
1154 3100 1231 3162 data
1252 3099 1301 3163 iu·

140 3195 230 3260 dieii:
253 3215 311 3262 nec
334 3217 411 3265 usus
435 3208 556 3266 temere
580 3201 720 3266 admittit
736 3217 818 3287 quae
833 3200 948 3265 rationi
963 3201 1150 3280 repugnent.
1163 3195 1301 3261 -Oun-

138 3293 301 3361 iunctivus
326 3299 504 3376 praesentis
530 3300 676 3379 ponitur,
704 3299 759 3364 ubi
781 3299 940 3364 sententia
970 3317 987 3362 e
1012 3295 1204 3378 cogitatione
1228 3313 1300 3375 pro-

141 3388 307 3464 ficiscitur,
329 3396 396 3459 sive
422 3397 600 3462 conditione
624 3399 743 3477 posita,
772 3398 839 3464 sive
862 3397 901 3462 de
925 3415 973 3476 eo,
997 3397 1083 3478 quod
1105 3394 1175 3460 fieri
1198 3396 1302 3476 possit

138 3487 305 3555 debeatve.
351 3492 460 3570 Quare
494 3492 613 3560 dieitur
637 3498 684 3562 ita
713 3497 753 3563 de
781 3497 879 3562 rebus
908 3497 1046 3562 nondum
1080 3497 1173 3561 lacus
1202 3501 1235 3559 et
1265 3495 1298 3559 in

139 3589 310 3654 sententiis
333 3609 396 3656 uon
427 3610 521 3657 unam
551 3613 619 3659 rem
647 3594 778 3676 laetam,
809 3595 866 3660 sed
893 3595 1153 3660 consuetudinem
1181 3601 1239 3661 aut
1264 3593 1298 3657 id

138 3687 224 3766 quod
255 3688 409 3768 possibile
441 3700 492 3756 est
526 3692 773 3758 declarantibus.
803 3727 846 3740 -·
872 3692 1089 3759 Praeteritum
1119 3691 1297 3772 perfectum

136 3803 201 3850 non
230 3783 338 3852 differt
365 3806 384 3851 a
417 3791 589 3868 praesenti.
622 3825 664 3838 -
699 3791 897 3857 Coniunctivi
925 3790 1107 3872 imperfecti
1141 3811 1204 3858 non
1235 3791 1299 3855 alia

136 3883 221 3950 ratio
244 3891 294 3949 est
313 3903 408 3965 quam
432 3903 495 3966 qua
517 3890 729 3954 coniunctioni
757 3909 848 3965 qaam
874 3891 1046 3971 apponitur
1075 3890 1299 3956 coniunctivae

135 3981 326 4062 imperfecti,
349 4003 450 4050 nexus
465 3985 629 4067 caussatio,
653 3991 750 4054 etiarn
772 3991 805 4053 in
820 3989 951 4055 consilio
975 3989 1089 4070 agendi
1105 3986 1295 4069 apparens.“

135 4080 217 4146 (lato
240 4080 278 4144 R'.
304 4083 340 4146 R.
364 4101 389 4147 cr
415 4089 469 4147 53:
486 4088 668 4161 morguam
691 4107 791 4150 semen
813 4101 960 4152 maturum
984 4092 1046 4167 siet,
1075 4097 1186 4150 secato.
1232 4087 1296 4150 lu:

132 4197 190 4257 per·
214 4200 267 4243 rer
291 4201 357 4242 cum
381 4186 523 4260 arabitur,
547 4191 704 4259 antequam
726 4192 843 4249 ocinum
859 4194 1012 4264 amarer,
1035 4191 1088 4250 dea
1104 4186 1183 4260 quod
1204 4188 1298 4246 eduat
