3036 4766
239 155 304 216 344
556 145 618 186 cte.
632 145 678 187 XV.
705 145 856 184 nocerino
870 144 1119 186 munuerartountt.

238 337 310 410 bile,
334 333 389 399 ubi
412 333 550 400 alterum
573 339 607 394 at
626 352 686 414 pro
710 339 808 394 tamea
829 333 969 413 positum
993 336 1051 398 est
1095 331 1259 396 Lindem.:
1285 339 1356 411 „ast
1371 331 1405 394 h.

238 431 260 496 l.
283 429 392 497 differt
413 450 432 497 a
454 449 521 510 seq.
545 438 579 493 ot
600 436 632 496 et
653 430 721 495 fere
743 429 826 494 idem
849 430 935 494 valet
958 430 1042 510 quod
1065 437 1174 499 contra,
1196 429 1362 491 vtaseim.“

327 531 358 594 b.
403 529 585 596 Praemisso
608 528 776 604 sententia,
799 528 831 592 in
856 546 919 606 qua
949 527 1069 606 aliquid
1090 544 1152 590 non
1175 545 1247 591 esse
1271 529 1403 605 dicitur,

239 627 372 708 ponitur
395 633 429 689 at
451 627 506 704 ita,
531 626 623 690 utin
644 626 746 691 vicem
769 631 905 705 negatae
920 627 967 689 rei
983 625 1158 690 substituat
1173 625 1261 689 aliud
1277 631 1401 701 contra,

241 726 378 804 ideoque
403 741 498 804 saepe
523 721 682 803 significet
705 731 802 786 tameo
824 722 876 786 vel
898 727 1011 785 saltem.
1045 722 1113 800 (Sic
1135 723 1238 787 Hand.
1263 741 1293 803 p.
1311 723 1399 796 426).
1446 755 1447 760 κ

240 821 369 885 Terent.
395 820 492 885 Andr.
515 819 569 900 IV,
595 826 631 901 1,
656 825 713 885 55:
748 825 857 883 Parum
886 824 1022 883 succedit
1039 825 1141 897 cuod
1158 839 1226 897 ago:
1261 828 1295 881 at
1322 824 1400 884 iacio

240 921 353 981 sedulo.

326 1033 351 1080 c.
395 1014 592 1094 Atpouitur
614 1015 646 1078 in
669 1015 802 1094 apodosi
819 1013 1077 1080 enuntiationum
1093 1015 1349 1080 concessivarum
1366 1023 1399 1080 et

241 1112 497 1181 conditionalium
519 1112 571 1176 vel
594 1129 665 1176 cum
688 1113 859 1192 negatione
882 1111 1138 1188 coniunctorum,
1160 1112 1210 1176 vel
1233 1114 1396 1177 notionem

240 1213 335 1279 aliam
358 1211 540 1291 negativam
563 1208 614 1274 vel
635 1208 797 1290 disparem
819 1211 861 1275 in·
875 1227 910 1274 se
933 1208 1128 1274 habentium.
1174 1207 1282 1284 Quare
1305 1229 1397 1274 usur-

239 1315 345 1394 patur,
368 1309 424 1374 ubi
446 1307 641 1372 antecedunt
663 1307 900 1372 coniunctiones
920 1311 987 1376 cisi,
1009 1325 1203 1381 quamquam,
1225 1311 1253 1369 si
1274 1327 1343 1378 aaa,
1366 1313 1397 1372 et

238 1414 282 1487 st,
315 1408 400 1487 quod
429 1423 488 1486 pro
512 1409 629 1468 etiamsi
659 1403 784 1468 dicitur.
816 1404 976 1481 (Haudius
999 1423 1028 1484 p.
1052 1409 1114 1468 426
1139 1410 1206 1483 so).
1253 1403 1332 1468 Cato
1360 1406 1393 1468 R.

241 1507 280 1572 R.
305 1525 329 1570 o.
353 1509 386 1569 2:
410 1508 578 1566 tinomao
602 1505 658 1578 die,
682 1508 713 1563 at
730 1505 888 1578 postridie.
934 1502 1038 1566 Plaut.
1067 1501 1179 1566 Bacch.
1193 1501 1238 1580 II,
1264 1508 1292 1579 3,
1318 1509 1392 1567 131:

243 1606 278 1669 si
300 1606 346 1664 illi
370 1609 439 1664 sunt
460 1605 561 1676 virgae
584 1604 660 1676 ruri,
692 1605 724 1660 at
746 1602 819 1674 mihi
842 1609 956 1676 tergum
985 1603 1100 1660 domist.
1146 1599 1201 1678 IV,
1225 1604 1255 1679 8,
1279 1605 1337 1674 46:
1363 1602 1397 1661 st

240 1705 296 1766 tibi
318 1703 493 1772 machaera,
525 1703 559 1759 ut
579 1699 664 1759 nobis
687 1701 838 1760 veruinast
867 1700 953 1759 domi.
1000 1695 1151 1776 'Prin-II,
1175 1705 1206 1776 4,
1233 1702 1309 1760 127;
1344 1702 1394 1760 etsi

240 1804 387 1863 scelestus
409 1804 472 1873 est,
492 1796 537 1855 At
557 1798 597 1856 mi
619 1797 749 1858 infidelis
773 1815 830 1857 nou
861 1804 918 1857 est.
964 1794 1056 1858 Troo.
1083 1794 1119 1874 V,
1142 1815 1170 1858 v.
1193 1801 1243 1859 42.
1268 1795 1393 1860 Terent.

238 1897 321 1962 Eun.
343 1894 382 1974 V,
406 1898 435 1973 2,
460 1897 516 1957 27:
547 1897 574 1955 ai
602 1911 657 1968 ego
685 1895 774 1969 digna
804 1896 860 1955 hac
884 1895 1154 1956 contumeliosum
1187 1913 1336 1972 maxume,
1364 1899 1397 1953 ot

239 2007 273 2059 tu
293 1996 433 2072 indignus
457 1995 508 2069 qui
530 1992 647 2054 iaceres
669 1997 778 2052 tamen.
1190 2043 1193 2047 .

324 2092 354 2156 d.
399 2092 444 2152 At
463 2109 551 2165 quom
572 2087 676 2151 Plaut.
700 2087 815 2152 Pseud.
839 2087 872 2168 I,
897 2093 925 2166 2,
950 2095 985 2154 9:
1013 2090 1058 2148 At
1078 2089 1184 2150 taciem
1207 2108 1294 2163 quom
1317 2094 1394 2166 aspi-

239 2197 302 2256 cias
326 2209 436 2264 eorum,
460 2192 519 2250 hau
542 2190 613 2249 mali
634 2189 780 2249 videntur.

325 2307 350 2354 e.
386 2286 436 2350 Ad
460 2285 657 2350 rhetoricum
680 2299 772 2346 usum
795 2287 933 2363 spectat,
958 2283 985 2348 si
1007 2283 1143 2349 obiectio
1165 2301 1225 2365 per
1247 2293 1281 2346 at
1300 2283 1393 2348 iufer-

239 2395 302 2454 tnr.
348 2385 436 2448 Haec
460 2381 596 2447 obiectio
620 2385 726 2445 autem
747 2381 865 2445 iterum
888 2380 1020 2461 reprimi
1050 2386 1082 2446 ct
1105 2381 1264 2447 confutari
1286 2386 1391 2462 potest

238 2485 303 2551 alia
324 2481 485 2548 contraria
508 2480 686 2559 sententia,
720 2495 802 2557 quae
825 2496 883 2559 per
905 2478 1093 2558 particulam
1116 2482 1168 2540 sed
1190 2479 1394 2560 coniungitur

238 2580 358 2659 (Haud.
382 2597 412 2658 p.
436 2583 498 2644 433
522 2593 606 2656 sqq·,
635 2594 706 2640 cum
730 2592 793 2654 quo
818 2574 927 2640 confer
951 2575 1155 2641 Schuetzium
1186 2577 1286 2640 doctr.
1311 2581 1391 2656 part.

235 2699 267 2761 p.
291 2683 352 2749 et).
397 2675 469 2739 Ter.
492 2672 552 2736 Ad.
574 2672 630 2745 IV,
653 2679 682 2753 2,
707 2678 763 2738 32:

282 2777 353 2859 Sed¹
371 2781 455 2833 estne
484 2771 580 2833 irater
609 2773 709 2833 intus?
754 2770 812 2837 SY.
826 2775 903 2834 Non
926 2779 982 2834 est.
1026 2772 1094 2836 DE.
1118 2775 1178 2836 Ubi
1200 2776 1285 2834 illum
1306 2775 1350 2833 iu-

662 2871 777 2930 ueniam
800 2873 907 2946 cogito.

230 3001 237 3008 ’
281 2967 340 3034 SY.
364 2969 433 3030 Scio
448 2969 498 3029 ubi
515 2971 563 3043 sit,
579 2985 681 3032 verum
697 2969 785 3028 hodie
802 2986 960 3044 numquam
977 2971 1156 3030 monstrabo,
1181 2967 1249 3031 DE.
1266 2971 1350 3044 Hem,

666 3066 737 3140 quid
760 3065 830 3126 ais?
875 3063 934 3130 SY.
959 3069 1013 3128 Ita.

280 3165 347 3230 DE.
371 3167 590 3226 Dimminuctur
613 3165 668 3225 tibi
690 3165 748 3224 iam
772 3164 936 3224 cerebrum.
968 3161 1027 3226 SY.
1050 3164 1095 3222 At
1116 3182 1222 3225 nomeu
1240 3167 1341 3226 nescio

279 3265 366 3324 Illius
390 3257 533 3339 hominis,
555 3262 607 3321 scd
627 3264 723 3323 locum
747 3263 815 3322 novi
838 3261 889 3320 ubi
912 3263 958 3322 sit.

322 3357 343 3422 f.
389 3358 427 3421 In
451 3357 625 3436 colloquiis,
648 3355 819 3435 inquibus
842 3356 962 3436 aliquid
985 3374 1169 3423 concessum
1185 3363 1266 3438 erat,
1288 3362 1392 3439 perot

229 3649 302 3722 ⁴(Sic
324 3649 524 3729 Hondiusp.
548 3653 633 3722 436).
678 3649 751 3713 Ter.
774 3649 854 3712 Eun.
879 3648 926 3727 II,
952 3654 983 3728 l,
1011 3655 1042 3713 1:
1073 3653 1149 3727 Fac,
1177 3655 1221 3714 ita
1248 3662 1281 3714 ut
1311 3655 1387 3724 iussi,

235 3751 424 3809 deducantur
458 3751 518 3811 isti.
563 3747 627 3810 PA.
648 3746 790 3809 'Faciam
836 3745 901 3808 PH.
928 3747 974 3806 At
1007 3750 1174 3824 diligenter.
1220 3747 1387 3814 PA.·Fiet.

232 3843 301 3908 PH.
325 3845 370 3904 At
392 3853 515 3907 maturo.
558 3843 621 3910 PA.
645 3849 722 3906 Fiet.
769 3843 827 3907 Ad.
850 3841 897 3919 ΙΙ,
924 3848 950 3915 1,
975 3851 1008 3909 7:
1031 3849 1114 3908 Leno
1137 3865 1191 3923 ego
1214 3865 1287 3908 snm.
1325 3845 1384 3909 ΔΕ.

235 3944 315 4004 scio.
362 3940 422 4006 SA.
446 3943 490 4002 At
512 3946 570 4020 ita,
594 3951 627 4004 ut
649 3962 771 4020 usquam
796 3942 853 4002 fuit
874 3942 932 4002 fide
956 3947 1111 4020 quisquam
1135 3953 1264 4020 optuma.

1492 3317 1493 3342 t

236 3455 379 3521 conditio
403 3455 566 3531 adiicitur,
599 3472 683 3534 quae
704 3469 773 3517 rem
801 3454 929 3518 maioris
951 3457 1104 3520 momenti
1131 3455 1252 3521 indicat
1274 3455 1388 3532 antid,

238 3553 324 3632 quod
348 3551 535 3634 diligentius
558 3551 768 3617 animadverti
790 3555 846 3614 aut
875 3551 1048 3618 instantius
1070 3552 1215 3618 mandari
1238 3554 1401 3620 volumus.
1492 3605 1493 3626 ,

322 4055 350 4118 g.
396 4037 569 4118 Sententia,
594 4056 675 4118 quae
699 4027 889 4120 opponitur,
918 4043 1028 4118 potest
1049 4058 1120 4104 cum
1144 4040 1284 4120 graviori
1307 4057 1387 4104 asse·

223 4137 401 4202 ‘paratione
413 4134 560 4218 proferri.
586 4135 692 4213 Quare
707 4139 912 4236 opponuntur
927 4137 1152 4232 vocabulapct,
1164 4139 1272 4212 edepol.
1288 4137 1383 4201 Plaut.
