3036 4766
516 138 663 180 nocemus
679 137 911 180 carrionenses.
1247 148 1308 211 365

239 344 267 389 n.
312 323 362 390 De
384 327 458 401 quio
480 345 549 403 erpo
569 345 598 388 v.
621 325 724 392 Hand.
749 345 778 408 p.
802 331 874 392 455.
898 327 985 394 Asin.
1008 327 1155 409 1‚1‚1s:
1177 331 1258 408 Quia
1279 336 1313 391 tn

150 441 222 499 erpo
245 423 354 500 rogas?

240 537 266 584 o.
312 524 398 596 Ενρο
421 524 516 598 icitur
537 522 647 588 comici
670 518 794 602 antiqui
817 522 1009 606 coniungere
1032 523 1190 599 solebant,
1212 526 1314 599 itaque

150 637 224 695 erpo
248 617 416 684 Terentius
445 619 533 686 dixit
560 619 664 686 Pleut.
688 619 773 684 Trin.
796 618 861 696 111,
886 627 918 701 3,
942 626 999 686 27:
1031 625 1095 697 Qno
1125 631 1215 699 pacto
1244 641 1313 698 erpo

151 718 248 792 ipiiar
271 717 325 778 dos
348 719 483 794 depromi
504 720 627 797 potest?
670 716 800 783 Terent.
825 719 905 784 Eun.
922 720 963 797 11,
988 723 1017 799 3,
1041 723 1099 784 26:
1121 723 1229 795 Itaque
1244 738 1314 796 erpo

152 822 300 876 amantur.
598 837 601 843 ·

239 928 270 991 p.
313 910 363 976 De
394 911 483 992 loco,
518 930 613 993 quem
644 912 803 994 particula
835 916 994 990 obtineat,
1027 932 1057 978 r.
1088 913 1249 979 Handinm
1282 932 1312 994 p.

154 1012 217 1073 466
242 1025 288 1088 sq.
334 1008 438 1075 Plani.
470 1009 585 1076 Bacch.
616 1010 666 1085 ΙΙ,
690 1015 726 1090 3,
752 1015 826 1075 112;
860 1016 919 1076 Ubi
948 1031 1026 1074 nuno
1060 1021 1106 1075 ast
1134 1031 1203 1089 erpo
1229 1031 1313 1076 meus

154 1110 362 1172 Mnesilochus
397 1108 503 1172 filios?
548 1108 640 1174 Adde
673 1108 829 1188 Raspium
861 1111 902 1176 de
936 1110 1044 1176 colloc.
1078 1109 1167 1174 verb.
1201 1127 1231 1190 p.
1261 1114 1311 1173 45.

153 1203 243 1270 Trin.
269 1202 325 1282 IV,
349 1209 383 1282 2,
414 1209 488 1270 146;
523 1209 625 1287 Ipsus,
656 1211 790 1287 inquam,
821 1209 994 1270 charmides
1027 1227 1101 1272 sum.
1153 1205 1201 1271 SI.
1230 1211 1314 1283 Ενρο

154 1299 330 1378 ipsusne‘s?
1024 1319 1028 1326 ’

244 1404 293 1464 52.
338 1398 508 1466 Primitiae
530 1399 617 1464 notio
640 1400 818 1480 particulae
845 1403 938 1477 ι’ριων
960 1407 1010 1468 est
1028 1404 1089 1474 itu,
1112 1402 1153 1466 od
1173 1401 1315 1467 indican-

154 1499 232 1564 dam
255 1497 513 1578 consequentiam
537 1497 569 1562 in
593 1497 718 1565 collatis
740 1498 867 1564 duobus
888 1499 1023 1565 iudiciis.
1052 1499 1231 1565 Relatiram
1248 1499 1315 1563 sive

153 1594 440 1662 demonstrativam
464 1611 615 1662 vocamus
637 1593 720 1660 hanc
741 1595 816 1676 vim,
839 1597 942 1676 qualis
964 1601 1101 1678 apparet
1122 1596 1155 1661 in
1169 1599 1197 1658 is
1213 1600 1245 1660 et
1258 1599 1313 1674 ιω,

157 1709 292 1772 eamque
316 1690 504 1758 adhibemus
526 1694 567 1760 ad
591 1692 841 1773 componendam
864 1695 1022 1760 rationem
1049 1713 1120 1760 cmn
1143 1712 1198 1771 eo,
1230 1692 1315 1774 quod

74 1819 76 1824 ·
156 1806 356 1870 consequens
379 1795 438 1854 est.
482 1791 565 1858 Nam
588 1791 765 1872 praemissa
788 1791 966 1858 conditione
990 1793 1056 1858 sivo
1078 1809 1175 1857 cansa
1198 1790 1316 1872 epodo-

155 1887 217 1967 sin,
241 1904 322 1967 quae
345 1889 603 1970 consequentiam
619 1887 777 1970 exprimit,
791 1889 917 1954 formet.
958 1889 1001 1954 Et
1015 1889 1188 1956 suetudine
1203 1887 1316 1953 dictio·

156 2003 231 2063 nes,
253 1984 286 2048 in
309 1985 425 2065 quibus
452 1989 547 2063 ι’ριων
577 2005 648 2053 cum
676 1985 785 2052 futuro
816 1988 1026 2068 compositum
1055 1985 1314 2067 consequentiam

158 2079 325 2164 significat.
360 2083 434 2159 (Sic
462 2083 566 2150 Hand.
596 2083 659 2165 ΙΙΙ,
689 2103 718 2165 p.
750 2084 840 2160 iss).
886 2085 1002 2151 Festus
1036 2103 1064 2150 v.
1097 2088 1201 2162 Ιρὶωι
1232 2099 1316 2148 nunc

156 2180 285 2261 quidem
317 2198 375 2260 pro
406 2181 624 2262 completionis
657 2178 889 2262 significatione
918 2181 1019 2262 valet,
1049 2199 1131 2263 qnae
1160 2185 1210 2247 est
1232 2200 1316 2257 erpo,-

160 2279 217 2345 sed
242 2277 328 2358 apud
350 2277 498 2358 antiquos
520 2280 699 2359 ponebatur
726 2296 785 2360 pro
807 2281 875 2342 iudo
897 2286 931 2344 et
957 2285 1060 2356 posteo
1083 2283 1116 2344 et
1137 2285 1206 2342 tem.
1252 2280 1320 2343 Du-

158 2375 247 2444 bium
271 2380 321 2440 ast
343 2394 419 2441 num
441 2375 504 2441 huc
525 2377 687 2458 pertineat
709 2395 748 2442 ex
770 2378 852 2459 legg.
879 2377 940 2442 XII
963 2375 1049 2442 tabb.
1072 2378 1098 2454 Ι,
1119 2374 1159 2441 Ιι.
1186 2382 1216 2440 1:
1240 2378 1271 2438 si
1287 2380 1319 2438 in

160 2478 206 2536 ins
229 2484 326 2544 vocet,
349 2476 379 2536 ni
395 2477 429 2550 iu,
453 2481 635 2549 antestator3
657 2477 751 2551 tpitur
772 2494 820 2538 em
842 2479 956 2554 capito,
979 2493 1008 2538 v.
1025 2473 1173 2540 Dirksen.
1198 2492 1228 2554 p.
1248 2477 1318 2540 132.

161 2570 266 2638 Plano
291 2569 403 2651 Amph.
426 2570 452 2642 Ι,
478 2576 506 2650 Ι,
530 2577 584 2638 55:
608 2577 654 2634 sin
677 2575 767 2636 alitor
789 2575 868 2636 sient
891 2577 1013 2636 animati
1037 2591 1132 2650 neque
1156 2575 1228 2634 dent
1243 2589 1319 2648 qnae

162 2677 264 2747 petat,
295 2671 367 2732 Sese
396 2672 491 2745 ι’ριων
520 2689 634 2734 summa
655 2675 683 2736 vi
705 2675 836 2750 virisque
860 2691 962 2736 eorum
986 2674 1126 2749 oppidum
1149 2687 1319 2747 oppugnas·

162 2786 241 2843 sero,
265 2783 294 2830 v.
318 2763 449 2832 Taubm.
479 2767 519 2834 ad
541 2766 571 2834 h.
594 2768 633 2832 l.:
661 2772 782 2850 ,,Ιριων
804 2785 862 2849 pro
884 2772 989 2843 deinde
1011 2767 1150 2849 explicet
1182 2766 1234 2833 hic
1254 2765 1320 2830 No·

161 2864 249 2944 niue,
281 2867 317 2928 ut
340 2868 373 2929 et
394 2865 540 2931 Donatus
563 2866 603 2930 ad
626 2866 698 2931 Ter.
722 2867 803 2932 Eun.
827 2866 862 2945 Ι,
889 2874 922 2942 l,
949 2865 998 2934 1,.“
1022 2867 1094 2931 Aul·
1117 2865 1183 2944 ΙΙΙ,
1208 2871 1241 2944 b,
1265 2868 1319 2928 24:

160 2965 253 3024 Nulla
275 2963 369 3038 ipitur
392 2967 482 3039 dicat,
505 2981 534 3025 v.
560 2962 662 3027 Goell.
687 2961 757 3028 Oas-
780 2963 820 3042 ΙΙ,
844 2967 874 3037 2,
888 2967 946 3027 4οι
968 2966 1071 3039 Ιριων
1089 2973 1188 3027 tecum
1204 2967 1318 3040 loquar.

162 3058 230 3124 Mil.
254 3057 314 3139 ΙΠ,
340 3064 470 3139 1,·177:
496 3062 620 3135 Quando
643 3064 770 3139 habebo,
793 3063 888 3137 ipitur
907 3063 1054 3126 rationem
1075 3079 1205 3123 mearum
1227 3060 1320 3122 fabri-

162 3177 266 3222 carum
288 3160 374 3222 dabo.
419 3157 531 3238 Amph.
556 3157 581 3236 Ι,
602 3163 629 3237 Ι,
655 3164 728 3224 145:
750 3161 852 3234 Ipitur
875 3161 990 3222 demum
1014 3160 1108 3234 magia
1131 3160 1274 3221 maiorem
1289 3159 1321 3220 in

163 3275 231 3320 seso
256 3259 406 3333 concipiet
427 3264 548 3334 metum,
571 3254 611 3320 nd
628 3272 656 3336 q.
673 3255 693 3322 l.
708 3255 884 3320 Barbam:
908 3258 1039 3336 ,,Ιρι“ων,
1062 3259 1099 3318 ut
1113 3253 1187 3318 alibi
1204 3253 1320 3320 Plauto

164 3349 324 3434 significat
340 3351 498 3427 proiade.“
543 3351 659 3418 Bacch.
682 3352 747 3429 ΙΙΙ,
777 3360 814 3432 4,
839 3358 895 3419 19:
928 3355 1032 3429 Ιριων
1058 3356 1098 3414 mi
1126 3355 1209 3415 inani
1232 3360 1320 3429 utque

163 3455 247 3527 inopi
262 3453 508 3514 subblandibitur.
522 3493 524 3500 ,
683 3447 686 3452 ’

250 3547 278 3611 h.
322 3548 425 3623 Ιριων
447 3549 563 3610 domoon
584 3565 604 3612 a
625 3546 740 3614 Plauto
762 3548 889 3625 dicitur,
909 3545 997 3628 duod
1019 3565 1083 3614 sec.
1102 3547 1262 3614 Handium
1278 3545 1322 3624 Π,

164 3663 195 3727 p.
221 3649 283 3710 252
307 3644 403 3710 etiam
426 3646 458 3709 in
481 3644 613 3726 apodosi
636 3646 775 3726 ponitur,
798 3650 835 3710 ut
857 3644 1018 3726 significet
1039 3643 1141 3708 bonu
1165 3642 1248 3722 erit.
1269 3644 1323 3710 vol

166 3749 203 3808 ut
225 3741 319 3810 modo
341 3742 529 3808 intendatur
550 3744 598 3808 vis
614 3743 856 3810 consecutionis.
880 3742 993 3824 Amph.
1009 3742 1035 3823 1,
1055 3747 1155 3822 hed,
1178 3743 1233 3808 ubi
1249 3742 1321 3808 vide

165 3841 308 3908 Lindem.
333 3844 366 3920 2,
393 3845 448 3904 ll:
482 3842 579 3915 ιριωι·
599 3843 715 3906 drauum
737 3861 839 3906 omnes
863 3845 968 3906 scient.
1012 3839 1078 3918 111,
1105 3845 1136 3919 1,
1163 3844 1216 3904 16:
1250 3844 1323 3904 Post

166 3941 398 4017 epicuraeorum
420 3939 527 4000 faciam
552 3939 610 4016 [ut]
634 3958 683 4002 res
705 3941 759 4002 fiat
781 3943 888 4016 palam.
910 3991 913 3998 .
934 3938 1028 4002 Most.
1053 3939 1098 4015 ΙΙ,
1125 3943 1158 4010 1,
1183 3940 1238 4002 33:
1267 3942 1325 4000 mi·

168 4046 297 4102 serumst
318 4058 403 4115 opus,
425 4039 530 4112 luitur
552 4031 666 4100 doraum
688 4037 792 4100 fodere
809 4044 940 4116 puteum,
963 4039 1014 4098 ubi
1029 4037 1094 4096 ritis
1110 4035 1213 4096 fauces
1229 4043 1323 4110 tenet,

165 4135 208 4198 ad
242 4151 271 4213 q.
311 4134 330 4197 l.
364 4133 512 4200 Taubm.:
556 4137 688 4214 „thtor
716 4161 760 4184 ε
787 4133 911 4199 deinde.
922 4133 940 4162 “
984 4130 1081 4194 Merc.
1120 4128 1187 4208 ΙΙΙ,
1223 4133 1255 4207 2,
1286 4134 1323 4193 9:
