3048 4770
247 153 311 218 290
531 146 595 191 ΟΔΡ.
608 147 655 190 XV.
681 145 830 190 moerente
844 147 1094 190 ΕΝΠΝΟΙΑΤΙΟΙΙΠΙ.

239 342 367 412 propter
381 337 517 401 dormiet
551 335 611 401 hu.
627 335 683 409 IV,
699 340 728 415 i,
745 341 801 402 37:
817 340 858 399 ihi
874 342 1061 416 angiportum
1070 343 1194 413 propter
1208 345 1265 400 est.
1302 332 1402 414 Signi·

244 430 351 498 ficatio
366 432 504 499 causalis
526 436 617 500 extat
638 432 742 500 Pluut
765 433 880 514 Amph.
895 434 938 515 Π,
955 440 984 514 2,
1003 439 1078 500 183;
1096 437 1174 510 Quid
1189 453 1244 512 ego
1260 434 1327 511 teci,
1343 450 1402 507 pao

243 534 340 595 istaec
348 537 476 606 propte
505 535 588 594 dieta
610 535 748 595 dieantur
776 533 873 596 mihi?
902 533 957 598 ubi
986 533 1081 613 vulgo
1110 551 1171 606 aaa
1202 549 1259 612 per
1288 528 1402 594 tmesin

243 646 263 693 a
278 634 404 704 propter
425 628 620 710 diremptum
642 645 713 694 esse
728 628 856 706 dicitur,
880 635 917 695 ut
931 631 974 696 sit
988 636 1175 708 pauperator,
1197 629 1269 692 vide
1284 634 1402 704 tamen,

243 742 326 806 quae
347 725 622 806 Naegelsbachius
650 726 728 792 dicit
749 727 789 792 de
818 728 914 794 tmesi
936 727 1115 793 Homerica
1169 729 1268 788 ream
1296 723 1401 789 Plaut.

242 821 360 889 Bacch.
383 823 440 904 IV,
462 828 497 897 6,
520 829 575 889 23:
598 826 745 888 Pendehit
766 827 856 889 hodia
878 831 999 904 pulcre,
1022 829 1065 888 ita
1086 827 1201 886 intendi
1224 831 1316 888 murm.

330 924 389 986 Uli
408 927 441 986 et
461 921 633 988 relativum
656 925 690 988 et
711 921 978 1005 interrogativum
994 921 1180 988 adverbium
1197 939 1268 986 esse
1284 924 1401 1001 potest.
1492 923 1493 932 ’

246 1018 425 1099 Utriusque
448 1039 526 1086 usus
549 1024 599 1086 est
621 1021 811 1101 communis,
839 1021 901 1087 nisi
930 1018 1016 1101 quod
1043 1017 1309 1099 interrogativum
1339 1035 1403 1082 non

242 1117 282 1182 de
304 1122 450 1198 tempore
472 1118 598 1184 dicitur.
643 1126 675 1194 α)
700 1121 759 1183 ute
782 1124 959 1201 usurpatur
973 1117 1111 1198 primum
1126 1115 1267 1196 deloco,
1289 1116 1323 1180 in
1338 1133 1403 1196 quo

240 1214 361 1295 aliquid
382 1220 442 1281 est.
487 1214 566 1281 orto
589 1216 626 1280 a.
650 1215 687 1280 R.
710 1233 737 1283 c.
761 1221 797 1282 9:
819 1219 872 1280 uhi
894 1221 962 1280 erit.
1015 1213 1049 1279 Ο.
1082 1218 1135 1279 19:
1164 1215 1217 1274 uhi
1244 1216 1403 1291 porculum

242 1315 335 1392 figere
359 1317 519 1390 oportebit.
565 1313 600 1379 Ο.
627 1319 704 1380 151:
747 1333 803 1392 per
826 1335 878 1378 rer
900 1319 993 1378 serito
1016 1317 1047 1376 in
1070 1319 1138 1375 loco
1159 1314 1211 1374 ato·
1241 1322 1326 1372 terra
1356 1319 1400 1372 te·

240 1416 372 1474 nerrima
395 1415 469 1488 erit,
494 1432 583 1489 quam
605 1417 719 1490 pullam
741 1424 865 1488 vocant,
887 1416 940 1475 uhi
955 1431 1032 1490 aqua
1047 1420 1173 1490 propter
1196 1412 1262 1471 siet.
1295 1406 1403 1474 Plaut.

238 1509 352 1591 Amph.
376 1509 401 1588 I,
427 1515 455 1590 1,
479 1514 555 1574 30οε
580 1513 641 1573 Uli
663 1531 717 1590 ego
744 1514 843 1588 perii?
871 1514 925 1574 ahi
950 1515 1114 1572 inmutatus
1145 1507 1233 1579 sum?
1261 1509 1314 1568 ati
1346 1527 1402 1585 ego

238 1608 363 1670 formam
386 1610 527 1684 perdidi?
550 1605 706 1690 (Gronov.
729 1609 769 1674 ad
792 1608 858 1673 Mil.
881 1608 932 1686 ΙΙ,
956 1613 985 1686 5,
1012 1612 1066 1673 19:
1095 1605 1310 1687 „Adverbium
1339 1605 1403 1671 loci

237 1722 296 1785 pro
318 1705 389 1770 adv.
411 1706 497 1770 modi
519 1711 553 1771 et
579 1706 714 1772 rationis
739 1707 880 1788 positum
908 1723 979 1772 esse
1005 1705 1150 1780 ridetur,
1177 1705 1231 1767 uti
1254 1729 1296 1756 =
1319 1721 1402 1784 quo·

239 1803 335 1867 modo
359 1821 385 1868 s.
408 1821 471 1884 quo
493 1801 644 1884 pacto.“).
689 1804 761 1868 Aul.
784 1804 827 1884 ΙΙ,
850 1808 880 1884 2,
905 1808 963 1869 66:
986 1805 1040 1868 ahi
1061 1806 1111 1865 hia
1133 1809 1180 1866 est
1195 1802 1304 1865 homo?
1326 1801 1401 1882 ΙΙΙ,

238 1903 268 1979 2,
292 1904 349 1965 25:
373 1903 404 1963 id
424 1903 478 1964 uhi
499 1903 554 1964 tihi
577 1910 644 1964 erat
658 1907 818 1980 negotium.
856 1902 973 1969 Bacch·
989 1902 1015 1982 Ι,
1035 1907 1062 1982 1,
1079 1905 1132 1966 32:
1156 1903 1187 1960 in
1203 1906 1400 1978 palaestram,

235 2001 289 2061 ali
311 2000 425 2063 damnis
449 2000 676 2063 desudascitur?
699 2004 751 2073 (π
777 2000 811 2064 in
837 1999 923 2080 qua).
968 1998 1083 2065 Bacch.
1115 2017 1143 2062 v.
1176 2001 1217 2062 68
1245 2015 1310 2078 sq.:
1341 2001 1401 2061 Uti
1492 2067 1493 2074 p

236 2115 293 2175 ego
315 2101 431 2173 capiam
454 2115 511 2173 pro
538 2100 698 2163 machaera
725 2108 890 2174 turturem,
923 2102 1039 2176 Ubique
1068 2102 1192 2174 inponat
1219 2099 1251 2157 in
1278 2116 1399 2158 manum
1492 2163 1493 2170 ¹

236 2197 313 2257 alius
337 2197 409 2258 mihi
432 2215 488 2272 pro
511 2205 596 2257 cestu
619 2199 803 2259 cantharum.
850 2195 915 2260 Mil.
939 2195 982 2276 ΙΙ,
1010 2203 1036 2274 l,
1058 2201 1116 2260 40:
1146 2197 1275 2272 Oapiunt
1306 2215 1396 2271 prae·
1492 2183 1493 2200 ³

237 2294 329 2354 dones
352 2311 455 2358 navem
479 2297 562 2354 illam
583 2293 637 2357 uhi
659 2301 762 2356 vectus
785 2294 842 2368 ini,
870 2312 929 2374 pro
956 2311 1032 2369 gua,
1052 2293 1128 2358 'sive
1157 2293 1191 2351 io
1213 2310 1282 2366 qao.
1336 2290 1397 2371 III,
1492 2323 1493 2332 ¹

238 2394 266 2467 l,
290 2394 340 2455 91.
376 2390 459 2455 Rud.
482 2389 526 2469 ΙΙ,
550 2395 580 2470 3,
597 2383 658 2455 55:
681 2392 784 2454 ubist?
809 2397 837 2470 Ι,
867 2398 918 2456 14:
942 2395 1015 2454 Istie
1035 2394 1087 2453 aba·
1107 2395 1152 2454 vis
1176 2389 1396 2454 condormisce.

233 2483 268 2569 β)
291 2484 486 2566 Significatio
508 2487 572 2553 loci
594 2487 788 2553 transfertur
813 2489 854 2554 ad
883 2496 1024 2570 tempus,
1052 2489 1106 2553 ubi
1136 2488 1232 2554 etiam
1264 2488 1396 2554 additur

229 2585 372 2658 primam
418 2585 523 2665 Saepe
548 2584 577 2648 ei
600 2585 795 2666 respondent
810 2586 1063 2654 demonstrativa
1077 2587 1120 2646 toi
1135 2589 1169 2648 et
1183 2592 1255 2650 tam.
1289 2587 1395 2666 Leges

234 2679 299 2743 ΧΠ
332 2681 418 2746 tabh.
446 2680 484 2760 Ἰ,
510 2679 548 2745 ir.
581 2684 616 2746 6:
646 2686 699 2745 ahi
724 2695 853 2762 pagum,
887 2702 915 2748 v.
945 2684 1096 2752 Dirhsen.
1127 2701 1160 2762 p.
1191 2689 1263 2748 171.
1294 2684 1395 2748 Errat

232 2776 393 2842 Funccius
415 2777 524 2844 dicens
545 2783 598 2842 ati
624 2777 804 2862 significare
831 2798 927 2860 posse
950 2782 1047 2848 etiam
1074 2781 1283 2860 ubicumque,
1315 2798 1393 2860 quo-

233 2875 283 2940 vis
306 2875 435 2940 tandem
459 2876 537 2943 loco.
583 2876 663 2950 Cato
686 2877 724 2942 R.
747 2878 784 2943 R.
809 2897 836 2944 c.
860 2884 894 2944 2:
918 2881 1139 2944 Paterfamilias
1161 2881 1216 2940 ott
1237 2884 1274 2942 ad
1290 2883 1392 2943 villam

231 2975 328 3053 venit,
350 2976 403 3037 uti
424 2980 518 3038 larem
543 2977 720 3039 familiarem
745 2982 886 3042 salutavit
909 2984 982 3044 cett.
1026 2976 1075 3042 ib:
1097 2979 1150 3039 att
1165 2981 1305 3054 cognorit
1320 2996 1392 3054 quo-

230 3073 319 3135 modo
343 3073 452 3136 fundus
480 3077 578 3136 cultus
601 3078 658 3136 siet
686 3078 761 3140 cett.
805 3075 861 3140 ih:
898 3079 956 3140 Udi
984 3097 1021 3140 aa
1048 3079 1193 3152 cognorit
1235 3075 1296 3144 ih:
1333 3076 1391 3138 Ubi

230 3190 281 3234 eas
305 3175 440 3250 aliasque
461 3191 568 3235 causas
590 3176 699 3235 multas
719 3176 844 3250 dixerit,
861 3175 899 3236 ad
913 3177 1060 3236 rationem
1077 3193 1201 3251 operum
1217 3191 1390 3248 operarum-

230 3289 288 3346 que
311 3273 431 3333 vilicum
455 3288 572 3332 revoca.
618 3266 653 3333 O.
677 3275 712 3334 3:
734 3275 787 3333 ahi
808 3280 892 3336 aetas
916 3275 1047 3335 accessit
1069 3275 1107 3332 ad
1129 3290 1224 3334 annos
1246 3273 1388 3347 XXXVI,

229 3371 291 3427 tam
324 3369 484 3430 aedificare
514 3376 644 3444 oportet.
696 3365 731 3431 C.
757 3374 810 3433 17:
836 3373 890 3432 uhi
912 3374 1072 3434 solstitium
1102 3370 1203 3431 inerit.
1247 3367 1305 3432 ih:
1336 3369 1389 3428 ati

224 3464 358 3537 fimum
379 3467 529 3540 incipiunt
556 3466 709 3543 hiarcam,
741 3472 803 3528 tam
830 3473 889 3546 legi
916 3465 1125 3545 oporteat.
1151 3469 1207 3529 18⁴.
1230 3468 1283 3528 ahi
1310 3475 1386 3528 stru-

228 3569 308 3623 ctum
331 3563 397 3623 erit.
443 3559 476 3624 Ο.
501 3565 556 3626 33:
580 3565 680 3624 Vitem
702 3570 848 3628 novellam
865 3570 998 3628 resecari
1014 3571 1076 3626 tam
1099 3567 1157 3626 erit
1179 3573 1314 3641 tempus,
1335 3565 1387 3625 ahi

225 3660 346 3721 valebit.
382 3657 415 3722 G·
440 3661 495 3724 38:
521 3661 580 3724 Udi
602 3665 676 3724 satis
691 3663 815 3742 foderis,
838 3668 901 3725 tum
923 3694 974 3726 —.
1005 3659 1039 3727 Ο.
1062 3666 1119 3728 38:
1141 3661 1206 3723 Iloc
1223 3661 1300 3739 signi
1317 3665 1384 3735 erit,

225 3757 277 3817 abi
300 3759 367 3817 calx
390 3766 477 3838 cocta
497 3760 572 3834 erit,
597 3779 726 3822 summos
742 3763 858 3837 lapides
875 3768 977 3824 coctos
993 3779 1060 3824 esse
1076 3762 1235 3837 oportebit.
1275 3756 1309 3822 G.
1327 3763 1383 3823 39:

226 3855 286 3916 Ubi
313 3861 508 3929 tempestates
537 3862 634 3920 malae
663 3865 761 3920 crunt.
807 3855 841 3922 Ο.
863 3863 920 3924 45:
950 3862 1060 3922 Taleae
1088 3860 1140 3920 ahi
1169 3861 1277 3922 trimae
1306 3861 1383 3924 suut,

224 3956 291 4014 tam
316 3952 442 4026 &aigae
470 3959 606 4016 maturae
633 3962 736 4034 eruut,
772 3958 825 4018 uhi
855 3959 934 4020 liber
969 3976 1036 4020 sese
1068 3962 1175 4020 vertet.
1235 3950 1270 4016 G.
1308 3954 1382 4014 105:

221 4051 275 4111 ahi
297 4051 424 4113 ballabit
443 4051 551 4112 riuum.
596 4049 656 4114 ib.:
678 4055 732 4115 uhi
753 4055 785 4116 id
804 4057 902 4116 uinum
918 4054 1093 4130 refrixerit„
1116 4053 1177 4117 ih:
1208 4048 1270 4116 Ubi
1286 4052 1382 4110 muria
1489 4039 1490 4116 ἶ

221 4145 304 4210 iacta
325 4151 394 4212 erit.
423 4144 564 4212 -0.107:
590 4149 826 4214 Ubireirixerit
865 4150 899 4216 Ο.
919 4157 992 4217 11οε
1018 4152 1212 4216 Uhicalebit.
1246 4145 1284 4213 O.
1305 4149 1378 4210 112:
