3090 4768
231 153 271 214 76
665 145 784 186 VERBUM
813 145 878 186 CAP.
899 147 937 186 11.

226 337 304 397 didit
332 339 424 398 solun
454 338 528 399 dori.
575 336 633 413 ΙΙΙ,
660 343 687 415 1,
712 343 748 401 5:
782 341 902 402 Utinam
936 344 987 398 aut
1018 337 1066 398 hic
1095 337 1201 398 surdus
1228 341 1281 398 aut
1303 336 1379 396 llaec

225 441 307 496 muta
329 435 411 506 foetu
432 435 478 496 cit.
522 433 757 514 Nonnunquam
780 433 957 516 perlectum
980 437 1155 513 usurpatur
1174 432 1216 498 ab
1240 447 1291 510 eo,
1321 429 1379 510 qui

224 531 330 596 animo
353 531 559 598 commotiore
582 551 633 597 res
653 531 778 598 futuras
801 537 952 613 tanquam
974 531 1036 596 iam
1059 531 1252 611 praeteritas
1274 527 1379 594 animo

224 633 454 708 repraesentat,
489 647 516 693 u.
546 630 649 697 Rudd.
677 631 720 711 ΙΙ,
747 650 777 711 p.
808 635 884 709 382,
917 629 1154 694 Weissenborn.
1182 634 1268 710 synt.
1290 645 1320 708 p.
1348 629 1379 690 8.

226 725 277 792 sie
299 726 381 793 Eun.
404 727 431 808 Ι,
457 732 483 808 1,
510 733 563 793 19:
587 739 729 792 actumst:
751 734 851 793 ilicet:
873 731 993 793 Paroa.
1039 727 1116 794 Hac.
1140 725 1379 806 111,1,3osq.:

225 826 332 889 Nullas
355 845 428 888 sum.
449 827 565 920 ,Part
600 830 657 903 Qui
692 829 782 890 dum?
807 826 923 892 ram.
958 828 1050 890 Perii.
1083 859 1127 870 -·-
1157 828 1267 887 Nescio
1301 822 1381 901 quod

225 939 361 997 magnum
384 932 493 988 malum
516 927 665 1002 Profecto,
689 931 844 1004 Parmeno,
862 945 913 988 me
937 929 1028 988 celas.
1045 957 1085 968 ν-
1101 923 1220 986 Interit
1237 953 1280 966 -
1295 920 1377 984 Eun.

226 1017 253 1098 1,
277 1023 305 1098 2,
329 1025 384 1086 27:
416 1026 515 1088 Samia
542 1028 614 1086 milri
641 1035 738 1089 mater
759 1027 835 1096 fred:
867 1044 903 1086 ea
925 1025 1080 1087 habitabat
1101 1023 1208 1084 Rhodi.
1253 1017 1329 1098 Hec.
1353 1015 1381 1097 Ι,

230 1120 257 1195 1,
281 1122 317 1181 8:
341 1123 481 1199 Lacones,
506 1143 682 1202 quemquem
703 1131 792 1186 nacto
813 1127 867 1200 sis,
891 1121 944 1187 ubi
968 1119 1148 1186 accuratius
1170 1115 1255 1181 foret
1278 1119 1380 1178 nanci-

227 1219 320 1278 sceris
344 1218 394 1283 vel
417 1229 505 1284 nacta
528 1222 631 1296 lucris,
652 1240 680 1286 v.
704 1221 807 1286 Rudd.
832 1239 860 1301 p.
886 1225 957 1285 382.
981 1218 1035 1298 IV,
1060 1223 1089 1298 3,
1113 1223 1146 1281 5:
1170 1220 1184 1278 Ι
1207 1235 1277 1292 ergo
1300 1218 1381 1276 intro

228 1321 260 1374 et
283 1334 437 1397 compone,
472 1339 547 1396 quae
571 1329 668 1381 tecum
693 1324 778 1398 simul
803 1323 965 1382 Ferantur:
999 1319 1071 1380 atet.
1118 1312 1250 1394 Adelph.
1274 1311 1381 1391 llll,

227 1413 285 1476 28:
319 1418 500 1490 lgnotrmst:
535 1421 705 1480 tacitumst:
739 1421 924 1479 creditumst.
969 1414 1135 1480 Interdum
1158 1429 1229 1476 cum
1252 1410 1382 1490 ἐνεργείᾳ

227 1509 405 1588 perfectum
428 1513 473 1578 lta
489 1522 674 1594 usurpatur,
696 1521 733 1580 ut
756 1520 875 1580 statum
891 1514 990 1593 illum,
1014 1530 1107 1593 quem
1128 1507 1285 1590 significat
1308 1524 1382 1571 ver-

226 1605 313 1687 bum,
343 1611 547 1689 praeteriisse
571 1631 629 1678 nec
655 1614 719 1677 ianr
742 1619 853 1678 extare
876 1613 1042 1693 exprimat.
1087 1611 1139 1676 Sic
1161 1608 1263 1672 Plaut
1287 1605 1381 1670 True.

226 1703 252 1781 1,
276 1709 305 1784 2,
329 1712 383 1772 94:
414 1713 461 1770 Ita
490 1731 585 1787 paene
615 1715 669 1774 tibi
693 1716 885 1774 Phronesium
908 1713 984 1792 facit,
1011 1709 1042 1774 h.
1066 1726 1093 1772 e.
1116 1706 1247 1788 paulum
1270 1701 1382 1782 abluit,

227 1803 303 1882 quin
326 1813 515 1873 moreretur.
541 1813 645 1872 Fuisse
669 1828 727 1890 pro
750 1811 840 1888 mori,
863 1815 1024 1874 mortuum
1047 1824 1118 1872 ease
1141 1804 1198 1878 (sic
1213 1799 1380 1883 Scaliger).

230 1899 384 1966 Similiter
407 1903 498 1986 Capt.
523 1907 582 1987 ΙΙΙ,
607 1915 635 1986 3,
662 1913 693 1971 1:
717 1913 801 1970 Nunc
824 1914 893 1970 illut
915 1919 975 1986 est,
999 1926 1085 1986 quom
1108 1923 1155 1966 me
1178 1905 1272 1978 [etism
1294 1919 1382 1980 quam

230 2017 296 2061 esse
320 2007 410 2065 nimio
434 2007 578 2070 mavelim.
625 2006 752 2078 Terent.
776 2006 893 2076 Heaut.
916 2005 941 2083 Ι,
970 2013 995 2083 l,
1022 2011 1060 2070 41
1087 2020 1148 2081 sq.:
1178 2002 1286 2062 Filium
1317 2001 1381 2060 uni·

231 2117 305 2176 cum,
336 2104 590 2168 adulescentulum
615 2108 736 2167 Habeo:
771 2109 818 2180 ah,
849 2109 918 2184 qnid
941 2105 1022 2166 dixi?
1056 2105 1167 2164 habere
1190 2100 1259 2161 me?
1292 2101 1382 2159 immo

226 2199 328 2270 habai,
352 2202 503 2266 Chremes.
549 2207 635 2266 Nune
665 2206 790 2266 habeam
815 2225 909 2267 necue
933 2209 1117 2266 incertumst.
1163 2197 1254 2262 Addo
1276 2195 1382 2263 locum

228 2294 333 2362 Plauti
354 2298 426 2364 Mil..
446 2300 504 2378 ΙΙΙ,
531 2306 557 2382 1,
582 2308 660 2367 103:
693 2305 765 2366 Tum
797 2307 936 2381 opstitrix
958 2300 1155 2377 expostulavit
1176 2315 1305 2371 mecum,
1328 2314 1382 2370 pa·

227 2414 291 2456 rum
315 2402 435 2462 missum
460 2404 526 2478 sibl,
550 2402 605 2467 ubi
628 2421 689 2468 seo.
734 2401 909 2482 Reisigium
936 2418 966 2480 p.
990 2403 1053 2464 492
1076 2394 1224 2478 periecto·
1242 2392 1383 2473 repetita

225 2493 310 2582 actio
333 2495 513 2576 significata
535 2506 599 2577 est,
628 2517 709 2580 quae
731 2507 836 2564 tamen
862 2517 925 2564 non
947 2499 988 2562 ad
1012 2502 1139 2574 tempus
1160 2491 1390 2574 praeteritum,¹

227 2589 284 2653 sed
311 2608 462 2671 praesens
490 2602 630 2676 spectet,
662 2596 747 2674 quod
774 2615 811 2661 ex
834 2596 979 2678 eoquod
1002 2593 1081 2658 illud
1104 2593 1167 2657 iam
1189 2589 1308 2655 lactum
1331 2595 1383 2654 est

226 2688 426 2756 concluditur
462 2712 555 2774 posse
594 2699 627 2758 et
654 2695 757 2760 solere
787 2696 903 2758 iterum
930 2691 1017 2772 fieri,
1051 2708 1128 2772 ergo
1158 2688 1252 2769 plane
1284 2685 1380 2753 simili

227 2787 320 2850 modo
343 2793 441 2869 atque
464 2793 585 2857 aoristo
608 2792 814 2872 Graecorum,
838 2792 893 2871 qui
915 2791 1041 2870 dieitur,
1065 2787 1218 2870 gnomico.

313 2885 425 2953 Naevii
447 2889 519 2956 bell.
543 2891 621 2958 Pun.
645 2892 663 2956 l.
690 2891 714 2970 Ι,
736 2889 774 2955 fr.
798 2895 831 2954 2:
854 2897 1012 2966 postquam
1034 2919 1076 2932 -
1099 2905 1168 2948 aves
1191 2917 1234 2930 -
1256 2884 1381 2960 asceam

226 2979 324 3054 Ennii,
344 2988 450 3051 annal.
473 2989 492 3054 l.
509 2989 551 3068 ΙΙ,
575 2989 612 3054 fr.
631 2995 686 3056 18:
706 2995 861 3065 postquam
876 2995 973 3052 Aucus
994 2989 1128 3050 Marcius
1150 3003 1242 3060 regna
1263 2982 1380 3056 recepit.

225 3077 245 3142 l.
275 3081 335 3164 ΙΙΙ,
358 3083 396 3151 fr.
421 3092 454 3152 3:
488 3089 646 3165 Postquam
671 3093 782 3152 lumina
811 3093 851 3150 sis
880 3089 974 3149 oculis
1005 3089 1098 3148 bonus
1126 3089 1226 3144 Ancus
1253 3080 1381 3152 retinuit.

225 3175 263 3244 fr.
290 3187 318 3260 7,
342 3201 369 3246 v,
396 3190 471 3250 154:
502 3191 661 3266 Postquam
685 3189 797 3250 defessi
820 3195 897 3249 sunt.
942 3184 962 3248 l.
988 3181 1077 3259 VIII,
1100 3180 1137 3246 ir.
1162 3186 1194 3243 2:
1222 3183 1383 3254 postqum

227 3281 387 3344 Discordia
409 3293 508 3348 taetra
531 3291 607 3348 Belli
630 3288 759 3350 ferratos
782 3293 884 3362 postes
907 3292 1068 3360 portasque
1090 3279 1224 3354 refreyit.
1271 3271 1383 3338 Annal.

225 3374 285 3440 ino.
317 3381 383 3444 sed.
412 3381 450 3446 fr.
481 3389 539 3448 42:
567 3392 726 3460 postquam
754 3387 859 3446 inclita
886 3383 1004 3444 condito
1035 3383 1129 3442 Roma
1158 3380 1208 3437 eat.
1258 3372 1296 3437 fr.
1325 3375 1382 3436 89:

230 3475 364 3538 Flamma
390 3485 449 3542 loci
471 3489 629 3558 postquam
654 3485 820 3544 concurserat
844 3483 965 3543 turbiue
990 3497 1087 3541 saeuo.
1132 3472 1318 3554 Iphigeniae
1341 3470 1380 3536 f.

231 3575 283 3634 12:
313 3577 473 3652 Postquam
496 3585 548 3644 abs
572 3590 616 3655 te,
640 3585 836 3659 Agamemno,
860 3589 892 3640 ut
916 3580 1057 3654 venirem,
1080 3575 1176 3650 tctioit
1196 3590 1285 3632 aures
1307 3591 1382 3632 nun-

227 3672 294 3733 tios.
340 3674 543 3743 Euhemerus
563 3678 601 3742 fr.
626 3685 655 3758 4,
681 3683 734 3742 25:
758 3687 914 3755 postquam
938 3678 1070 3739 rescivit.
1115 3672 1154 3736 lr.
1171 3675 1199 3746 7,
1216 3674 1270 3733 31:
1298 3671 1381 3730 Post·

226 3783 317 3840 duam
339 3791 374 3836 eo
397 3781 535 3842 ascendit.
579 3776 682 3842 Plaut.
699 3775 815 3855 Amph.
839 3775 863 3854 1,
886 3781 911 3853 l,
927 3779 967 3838 64
984 3790 1067 3853 sqq.:
1095 3773 1254 3844 Postquam
1277 3771 1381 3830 utrim-

228 3887 285 3944 que
308 3875 447 3937 certumst
466 3895 602 3938 maxuma
624 3879 720 3952 copia,
744 3877 905 3952 Dispertiti
927 3875 992 3948 viri,
1017 3871 1167 3947 dispertiti
1191 3869 1321 3946 ordines,
1340 3895 1379 3908 -

228 3969 343 4050 Deinde
373 3983 498 4050 uterque
527 3978 689 4050 imperator
716 3977 747 4035 iu
770 3976 897 4034 medium
921 3979 1037 4033 exeunt.
1084 3985 1112 4032 v.
1137 3970 1191 4030 72:
1221 3967 1383 4040 Postquam

229 4068 259 4128 id
281 4075 420 4148 actumst,
448 4077 536 4135 tubae
560 4077 706 4149 utrimque
730 4080 835 4134 contra
858 4079 976 4142 canunt.
1021 4066 1063 4136 ΙΙ,
1090 4071 1114 4142 l,
1139 4068 1178 4130 58
1202 4079 1265 4142 sq.:
1303 4063 1382 4125 Huic

228 4169 340 4233 homini
363 4175 463 4234 nescio
487 4173 557 4248 quid
580 4178 627 4234 est
648 4174 718 4233 mali
743 4203 782 4214 -
807 4171 955 4232 obiectum
970 4200 1014 4210 -
1028 4167 1188 4240 Postquam
1202 4181 1221 4222 a
1235 4180 1281 4222 me
1297 4161 1381 4222 abda
