3090 4768
519 184 577 224 mr.
592 183 648 224 PRO
663 183 792 224 oamc‘ro
806 183 934 224 cosmus.
1268 189 1309 253 39

156 379 256 450 pacto.
296 376 326 451 4,
355 374 407 436 10:
430 375 480 434 Me
502 374 602 436 vidae
622 376 676 436 ets.
722 372 822 438 Naar.
841 370 1024 437 Corollaria
1044 369 1082 437 fr.
1109 377 1140 436 1:
1164 377 1231 435 colo
1253 392 1308 451 ego

158 473 243 533 Hanc
270 473 347 533 adeo
375 469 510 534 efflictim
538 491 648 537 emere.
694 469 775 536 Cato
796 471 834 536 R.
858 471 895 538 R.
919 489 945 536 c.
969 475 1002 534 5:
1035 473 1149 532 Vilicus
1180 474 1205 532 si
1232 473 1311 532 celet

158 573 234 630 male
258 569 365 641 fecere.
411 569 505 634 Ennii
528 568 658 650 Thyest.
680 568 718 634 fr.
745 575 793 650 ll,
815 589 844 633 v.
867 573 944 634 404:
975 571 1086 638 Nolite,
1116 571 1248 646 hopites,
1272 568 1310 630 ad

158 685 203 728 me
226 669 318 732 adire.
363 666 466 731 Plaut.
492 668 564 733 Aul.
587 666 630 748 ΙΙ,
652 674 683 747 4,
708 673 740 732 7:
764 669 835 731 Post
857 669 948 746 siquis
971 670 1071 744 vellet,
1095 668 1310 730 bauramites

156 765 273 826 aaut?
316 762 413 829 Poen.
435 763 473 844 V,
498 770 527 846 5,
549 770 606 830 42:
635 768 726 828 colito
756 769 919 828 Insertum
942 771 1114 827 conectere.
1159 764 1247 830 Pers.
1270 765 1310 847 V,

159 867 187 942 2,
211 865 265 927 69;
289 865 366 924 Note
391 866 463 924 mibi
484 866 561 926 bene
584 883 652 926 esse.
698 861 815 928 Bacch.
838 861 898 942 III,
921 864 951 942 4,
978 866 1031 926 16:
1055 864 1225 924 Mendicum
1248 882 1310 924 mc-

157 962 209 1022 tr'm
231 963 428 1024 mendicando
450 964 574 1024 vincere.
618 962 714 1026 Poen.
738 960 797 1039 ΙΙΙ,
821 965 850 1039 3,
874 965 928 1026 93;
954 963 1031 1036 Qum
1056 962 1156 1023 hercle
1181 963 1311 1036 accipere

160 1067 191 1120 tu
212 1079 271 1122 non
295 1062 404 1129 meets,
435 1079 521 1136 quam
550 1079 604 1137 ego
634 1061 708 1122 dere
729 1056 822 1139 (ΔΘρ
847 1060 968 1135 dorem).
1014 1057 1069 1137 IV,
1093 1063 1121 1138 2,
1147 1062 1179 1122 5:
1210 1062 1257 1120 rei
1279 1061 1310 1120 in

158 1159 320 1237 lautumiis,
344 1161 392 1220 rel
414 1160 444 1218 in
468 1160 595 1234 pistrino
617 1159 754 1219 macetr'm
776 1158 876 1232 Aeere
897 1163 1025 1218 oetatem
1049 1189 1092 1200 -
1115 1159 1208 1232 Quam
1231 1158 1310 1233 apud

156 1257 294 1316 lenonem
317 1258 396 1317 hunc
419 1258 592 1317 servitutem
615 1258 715 1318 colere.
759 1254 846 1319 Pera.
870 1253 897 1334 I,
924 1260 950 1324 1,
973 1260 1010 1318 4:
1034 1274 1100 1315 cum
1122 1257 1239 1316 Antaeo
1263 1255 1310 1316 dc·

154 1354 266 1414 laeteri
291 1355 393 1414 matut.
438 1352 532 1418 Truc.
555 1353 597 1432 Π,
622 1358 650 1430 2,
677 1359 711 1417 5:
740 1353 906 1428 Aeprotcre
931 1355 1032 1414 metim
1062 1371 1148 1429 quarn
1176 1371 1236 1414 esse
1259 1362 1311 1414 tna

154 1454 253 1513 salute
278 1454 388 1515 sanior.
432 1449 537 1515 Plaut.
561 1450 675 1530 fragm.
698 1448 825 1514 Addict.
848 1468 878 1531 p.
901 1455 979 1514 475:
1003 1453 1084 1527 Opus
1105 1452 1204 1524 faeere
1218 1453 1310 1511 nimio

154 1567 246 1625 quam
274 1550 404 1610 dormire
429 1552 553 1611 moveto.
597 1548 678 1612 Enn.
702 1547 807 1612 annai.
831 1548 850 1611 I.
875 1546 961 1626 VIII,
984 1545 1022 1611 fr.
1047 1551 1080 1612 9:
1104 1550 1227 1611 Certare
1258 1552 1309 1610 ab·

153 1665 244 1710 nueo.
296 1646 318 1710 l.
342 1645 432 1725 XIII,
455 1645 492 1711 fr.
519 1651 554 1711 5:
588 1650 746 1709 Matronae
776 1665 894 1709 moeros
924 1650 1075 1722 complent
1103 1652 1234 1722 spectare
1263 1648 1310 1720 fc·
1338 1637 1340 1644 ¹

152 1751 255 1807 vectes
286 1743 430 1825 (Servius
457 1744 490 1809 in
513 1743 630 1824 Georg.
655 1743 680 1823 1,
706 1748 758 1808 18:
795 1745 914 1823 „favere
946 1743 1027 1806 enim
1057 1741 1182 1809 veteres
1214 1745 1311 1810 etiam

151 1842 240 1906 velle
271 1841 448 1907 dixerunt.“
492 1843 573 1907 Enn.
602 1841 736 1906 Medeae
766 1840 1010 1907 exuberare:
1048 1846 1125 1920 quod
1153 1847 1211 1904 iter
1238 1846 1311 1906 inei·

144 1943 238 2016 piem
269 1943 406 2016 icpredi?
449 1938 600 2004 Hectoris
634 1939 737 2003 lustra
764 1938 802 2003 fr.
834 1945 867 2004 3:
901 1942 1073 2018 castrisque
1107 1949 1208 2002 castra
1241 1961 1309 2005 coc·

149 2039 238 2112 serre
261 2042 340 2100 ultro
367 2041 425 2098 iam
458 2037 516 2109 (sic
543 2037 714 2118 Bergkius)
750 2045 878 2114 occupet.
934 2036 1037 2102 Plaut.
1068 2037 1162 2102 Most.
1193 2038 1251 2118 ΙΙΙ,
1283 2045 1310 2122 1,

152 2139 214 2200 36:
239 2139 290 2198 Set
312 2138 455 2211 occupabo
477 2137 568 2198 odire.
613 2134 708 2200 Poen.
731 2133 757 2213 Ι,
782 2141 810 2214 2,
837 2140 910 2201 107;
934 2146 1023 2199 noctu
1044 2127 1250 2200 sacruficatum
1266 2142 1312 2200 tre

150 2239 308 2310 occuparat.
359 2233 441 2298 auo.
464 2233 493 2311 Ι,
516 2239 551 2313 4,
575 2237 630 2297 28;
664 2251 783 2308 occupes
806 2236 976 2312 preeloprr',
1005 2254 1079 2312 qnae
1110 2239 1178 2297 mist
1206 2239 1310 2300 oratio.

152 2329 257 2396 Stich.
285 2329 315 2410 I,
345 2335 379 2408 2,
409 2335 463 2396 32:
501 2332 581 2404 ferre
614 2333 771 2393 advorsum
803 2334 914 2393 homini
946 2351 1115 2407 occupemus
1147 2338 1311 2396 ausonium.

151 2427 255 2493 Ennii
276 2427 408 2494 Hecuba
429 2427 467 2492 fr.
493 2434 526 2494 3:
549 2439 678 2508 pergunt
701 2433 810 2492 lavere.
855 2427 958 2494 Plaut.
982 2428 1095 2509 Amph.
1117 2428 1159 2509 ΙΙ,
1182 2435 1212 2510 2,
1236 2434 1311 2496 169;

153 2531 254 2602 Perge
278 2530 391 2605 exequi.
438 2545 466 2591 v.
493 2532 569 2592 171:
587 2546 679 2602 perpe
701 2548 790 2605 porro
813 2529 917 2589 dicae.
962 2526 1056 2592 Poen.
1073 2525 1098 2607 Ι,
1116 2532 1144 2599 3,
1162 2533 1216 2592 24:
1239 2532 1311 2591 Per·

154 2628 211 2706 giu
235 2627 382 2702 pergere?
426 2645 454 2692 v.
479 2630 536 2690 25:
564 2625 959 2701 auerruncandae?
1002 2625 1041 2705 V,
1065 2629 1094 2704 2,
1118 2629 1310 2711 23:1²unice

151 2742 281 2800 perpera
304 2727 392 2798 loqur.
438 2727 473 2803 V,
496 2730 526 2803 4,
550 2729 604 2788 54:
627 2725 721 2799 Pcrpo
745 2727 834 2787 etiam
857 2727 989 2784 tentare?
1034 2723 1128 2788 Ennii
1143 2722 1312 2789 Phoenicis

154 2819 198 2886 fr.
223 2830 256 2885 4:
289 2830 342 2884 tun
363 2825 490 2897 pratea·
512 2823 650 2884 eredere?
692 2820 798 2886 Plaut.
822 2821 912 2901 Capt.
935 2820 978 2898 II,
1001 2826 1030 2900 3,
1055 2824 1109 2886 65:
1131 2824 1229 2900 Magis
1253 2841 1311 2884 non

155 2921 271 2982 factum
286 2939 408 2996 possem
430 2923 503 2982 cette
526 2932 611 2998 quam
636 2939 729 2996 opera
751 2922 888 2996 experiar
910 2921 1056 2995 persecet.
1100 2919 1196 2984 Poen.
1219 2918 1257 2998 V,
1282 2921 1310 2999 2,

155 3021 217 3082 26;
240 3037 307 3080 nam
330 3022 379 3095 qni
401 3021 477 3080 ectre
493 3021 602 3094 poteri?
646 3018 739 3081 Ennii
762 3016 993 3098 epigrammata
1015 3020 1044 3096 2,
1067 3035 1096 3080 ν.
1121 3022 1139 3081 5
1163 3034 1227 3098 sq:

584 3120 631 3179 cui
654 3135 739 3178 nemo
762 3119 834 3179 civis
857 3134 952 3192 neque
976 3118 1069 3178 hostis

389 3218 493 3295 Qcter't
513 3234 569 3292 pro
591 3215 681 3276 factis
703 3215 825 3276 reddere
847 3215 911 3290 opis
934 3216 1072 3289 pretium.

157 3311 288 3378 Terent.
307 3313 384 3380 Hec.
400 3314 425 3394 Ι,
443 3317 472 3394 2,
491 3316 565 3376 108;
590 3316 716 3390 demque
739 3315 789 3373 ubi
812 3332 870 3374 non
893 3313 957 3386 quit
971 3312 1048 3388 pati.
1076 3308 1180 3374 Plaut.
1197 3308 1311 3390 Amph.

157 3410 222 3488 111,
254 3415 289 3492 2,
323 3418 354 3474 l:
391 3414 517 3472 Dercre
542 3429 652 3486 nequeo
681 3413 710 3471 in
741 3412 874 3474 aedibus.
920 3407 1018 3474 Stich.
1045 3408 1077 3488 1,
1106 3412 1221 3488 a,12:
1261 3411 1314 3471 Set

158 3518 283 3572 matrem
306 3528 418 3585 parere
445 3527 564 3584 nequeo.
614 3507 731 3574 Bacch.
754 3506 813 3582 III,
842 3513 868 3587 l,
895 3511 933 3571 10
956 3523 1019 3587 sq.:
1056 3509 1168 3582 Quibus
1195 3516 1314 3584 patrem

159 3616 190 3668 et
213 3625 260 3668 me
283 3615 372 3686 teque
395 3611 563 3685 amicosque
588 3611 682 3671 omnis
705 3607 837 3679 adfectae
859 3615 926 3669 tuos
946 3610 993 3671 Ad
1013 3610 1155 3684 probrum
1178 3606 1316 3666 damnum

159 3706 303 3780 flagitium
326 3708 470 3782 adpellere
491 3725 550 3768 una
571 3712 601 3768 et
617 3706 752 3782 perdere.
798 3702 1039 3769 Schmiederus:
1075 3701 1128 3784 „id
1151 3719 1250 3784 agere
1272 3701 1316 3766 ri-

159 3801 258 3882 deris,
281 3809 318 3868 ut
338 3810 463 3885 patrem
486 3809 545 3870 eet.
568 3805 608 3868 ad
629 3805 782 3886 probrum
805 3805 865 3866 cet.
889 3801 1033 3881 adpellas
1055 3805 1088 3867 et
1112 3816 1222 3866 omnes
1242 3818 1316 3881 per-

159 3899 248 3965 das.“
283 3901 375 3981 Epid.
397 3900 434 3980 V,
452 3907 481 3981 2,
498 3907 556 3965 25:
579 3906 735 3979 Tragulam
760 3901 789 3964 in
813 3909 843 3962 to
865 3902 974 3963 traicere
996 3901 1132 3962 admoui.
1163 3897 1243 3962 Rud.
1260 3897 1315 3975 IV,

161 4003 191 4069 2,
215 4005 272 4064 31;
303 4004 428 4076 Magnae
458 4021 507 4064 res
537 4004 585 4064 hic
608 4005 688 4078 cpite
710 4004 740 4061 in
763 4007 892 4060 mentem
915 4001 1071 4060 iustruere.
1116 3995 1213 4062 Poen.
1237 3995 1263 4074 Ι,
1288 4000 1316 4075 2,

161 4101 238 4163 137;
267 4116 418 4179 cooperer,
443 4104 562 4175 amabo,
585 4119 630 4162 me
654 4102 827 4176 cdbwtore,
851 4100 1073 4172 Agorastocles.
1119 4093 1233 4160 Bacch.
1257 4091 1317 4172 ΙΙΙ,

161 4194 269 4281 3,·’3521
294 4201 584 4274 erubescentium
607 4199 704 4260 dr'cere
723 4201 842 4260 iniuste.
881 4193 970 4257 Pers.
994 4191 1037 4269 11,
1066 4199 1092 4272 l,
1117 4198 1152 4258 3:
1175 4193 1317 4254 mandata
