<?xml version="1.0" encoding="UTF-8"?>
<!DOCTYPE html PUBLIC "-//W3C//DTD XHTML 1.0 Transitional//EN"
    "http://www.w3.org/TR/xhtml1/DTD/xhtml1-transitional.dtd">
<html xmlns="http://www.w3.org/1999/xhtml" xml:lang="en" lang="en">
 <head>
  <title>
</title>
<meta http-equiv="Content-Type" content="text/html;charset=utf-8" />
  <meta name='ocr-system' content='tesseract 3.04.00' />
  <meta name='ocr-capabilities' content='ocr_page ocr_carea ocr_par ocr_line ocrx_word'/>
</head>
<body>
  <div class='ocr_page' id='page_1' title='image "./syntaxispriscor02holtgoog_0289.png"; bbox 0 0 3048 4770; ppageno 0'>
   <div class='ocr_carea' id='block_1_1' title="bbox 249 137 1117 207">
    <p class='ocr_par' dir='ltr' id='par_1_1' title="bbox 249 137 1117 207">
     <span class='ocr_line' id='line_1_1' title="bbox 249 137 1117 207; baseline 0.013 -33"><span class='ocrx_word' id='word_1_1' title='bbox 249 144 312 207; x_wconf 73' lang='lat'>270</span> <span class='ocrx_word' id='word_1_2' title='bbox 539 137 602 180; x_wconf 72' lang='lat' dir='ltr'>CAP.</span> <span class='ocrx_word' id='word_1_3' title='bbox 615 139 661 178; x_wconf 78' lang='lat' dir='ltr'>XV.</span> <span class='ocrx_word' id='word_1_4' title='bbox 689 138 836 180; x_wconf 79' lang='lat' dir='ltr'>noonnrnn</span> <span class='ocrx_word' id='word_1_5' title='bbox 869 138 1117 186; x_wconf 70' lang='lat' dir='ltr'>enumerantem.</span> 
     </span>
    </p>
   </div>
   <div class='ocr_carea' id='block_1_2' title="bbox 238 325 1505 3539">
    <p class='ocr_par' dir='ltr' id='par_1_2' title="bbox 249 325 1503 492">
     <span class='ocr_line' id='line_1_2' title="bbox 250 325 1503 412; baseline -0.005 -19"><span class='ocrx_word' id='word_1_6' title='bbox 250 328 468 408; x_wconf 77' lang='lat' dir='ltr'>Charmideal,</span> <span class='ocrx_word' id='word_1_7' title='bbox 495 327 572 392; x_wconf 89' lang='lat' dir='ltr'>item</span> <span class='ocrx_word' id='word_1_8' title='bbox 596 327 692 392; x_wconf 89' lang='lat' dir='ltr'>Poen.</span> <span class='ocrx_word' id='word_1_9' title='bbox 716 327 754 408; x_wconf 91' lang='lat' dir='ltr'>V,</span> <span class='ocrx_word' id='word_1_10' title='bbox 779 333 813 412; x_wconf 81' lang='grc'>2,</span> <span class='ocrx_word' id='word_1_11' title='bbox 838 333 912 395; x_wconf 84' lang='grc'>119;</span> <span class='ocrx_word' id='word_1_12' title='bbox 947 335 988 394; x_wconf 83' lang='lat' dir='ltr'>Et</span> <span class='ocrx_word' id='word_1_13' title='bbox 1017 342 1047 395; x_wconf 86' lang='lat' dir='ltr'>to</span> <span class='ocrx_word' id='word_1_14' title='bbox 1071 336 1185 395; x_wconf 89' lang='lat' dir='ltr'>moneri</span> <span class='ocrx_word' id='word_1_15' title='bbox 1216 351 1329 394; x_wconf 80' lang='lat' dir='ltr'>uamue</span> <span class='ocrx_word' id='word_1_16' title='bbox 1350 325 1418 390; x_wconf 79' lang='lat' dir='ltr'>viel</span> <span class='ocrx_word' id='word_1_17' title='bbox 1502 359 1503 362; x_wconf 18' lang='grc' dir='ltr'>π</span> 
     </span>
     <span class='ocr_line' id='line_1_3' title="bbox 249 432 662 492; baseline -0.01 0"><span class='ocrx_word' id='word_1_18' title='bbox 249 432 396 492; x_wconf 86' lang='lat' dir='ltr'>-Sane</span> <span class='ocrx_word' id='word_1_19' title='bbox 420 432 497 490; x_wconf 81' lang='lat' dir='ltr'>uolo.</span> <span class='ocrx_word' id='word_1_20' title='bbox 573 465 575 472; x_wconf 64' lang='lat'>›</span> <span class='ocrx_word' id='word_1_21' title='bbox 658 470 662 478; x_wconf 84' lang='lat'>-</span> 
     </span>
    </p>

    <p class='ocr_par' dir='ltr' id='par_1_3' title="bbox 238 524 1505 3539">
     <span class='ocr_line' id='line_1_4' title="bbox 337 524 1412 610; baseline 0.001 -18"><span class='ocrx_word' id='word_1_22' title='bbox 337 545 363 592; x_wconf 89' lang='lat' dir='ltr'>e.</span> <span class='ocrx_word' id='word_1_23' title='bbox 408 524 515 605; x_wconf 81' lang='lat' dir='ltr'>Vulgo</span> <span class='ocrx_word' id='word_1_24' title='bbox 543 524 741 605; x_wconf 86' lang='lat' dir='ltr'>praecipitur</span> <span class='ocrx_word' id='word_1_25' title='bbox 768 547 841 588; x_wconf 79' lang='lat' dir='ltr'>auru</span> <span class='ocrx_word' id='word_1_26' title='bbox 875 528 972 594; x_wconf 86' lang='lat' dir='ltr'>etiam</span> <span class='ocrx_word' id='word_1_27' title='bbox 1004 529 1079 610; x_wconf 92' lang='lat' dir='ltr'>poni</span> <span class='ocrx_word' id='word_1_28' title='bbox 1109 545 1204 608; x_wconf 86' lang='lat' dir='ltr'>possa</span> <span class='ocrx_word' id='word_1_29' title='bbox 1234 527 1268 592; x_wconf 90' lang='lat' dir='ltr'>in</span> <span class='ocrx_word' id='word_1_30' title='bbox 1303 529 1412 608; x_wconf 92' lang='lat' dir='ltr'>priore</span> 
     </span>
     <span class='ocr_line' id='line_1_5' title="bbox 249 622 1413 707; baseline 0.002 -17"><span class='ocrx_word' id='word_1_31' title='bbox 249 625 393 692; x_wconf 91' lang='lat' dir='ltr'>membro</span> <span class='ocrx_word' id='word_1_32' title='bbox 418 622 628 687; x_wconf 77' lang='lat' dir='ltr'>disiunctiva&#39;e</span> <span class='ocrx_word' id='word_1_33' title='bbox 650 622 926 707; x_wconf 81' lang='lat' dir='ltr'><strong>interrogationis,</strong></span> <span class='ocrx_word' id='word_1_34' title='bbox 958 643 1021 706; x_wconf 90' lang='lat' dir='ltr'>qua</span> <span class='ocrx_word' id='word_1_35' title='bbox 1051 626 1189 691; x_wconf 87' lang='lat' dir='ltr'>alterurn</span> <span class='ocrx_word' id='word_1_36' title='bbox 1213 630 1324 690; x_wconf 88' lang='lat' dir='ltr'>utrum</span> <span class='ocrx_word' id='word_1_37' title='bbox 1347 631 1413 692; x_wconf 87' lang='lat' dir='ltr'>sta·</span> 
     </span>
     <span class='ocr_line' id='line_1_6' title="bbox 250 721 1411 802; baseline 0.002 -15"><span class='ocrx_word' id='word_1_38' title='bbox 250 723 405 787; x_wconf 89' lang='lat' dir='ltr'>tuendum</span> <span class='ocrx_word' id='word_1_39' title='bbox 428 725 637 802; x_wconf 80' lang='lat' dir='ltr'>proponatur,</span> <span class='ocrx_word' id='word_1_40' title='bbox 660 721 746 801; x_wconf 91' lang='lat' dir='ltr'>quod</span> <span class='ocrx_word' id='word_1_41' title='bbox 770 741 863 790; x_wconf 83' lang='lat' dir='ltr'>saona</span> <span class='ocrx_word' id='word_1_42' title='bbox 886 743 921 790; x_wconf 85' lang='lat' dir='ltr'>ee</span> <span class='ocrx_word' id='word_1_43' title='bbox 944 723 1049 790; x_wconf 91' lang='lat' dir='ltr'>habet.</span> <span class='ocrx_word' id='word_1_44' title='bbox 1096 724 1178 788; x_wconf 88' lang='lat' dir='ltr'>Nam</span> <span class='ocrx_word' id='word_1_45' title='bbox 1201 729 1290 790; x_wconf 89' lang='lat' dir='ltr'>reete</span> <span class='ocrx_word' id='word_1_46' title='bbox 1316 725 1411 790; x_wconf 90' lang='lat' dir='ltr'>docet</span> 
     </span>
     <span class='ocr_line' id='line_1_7' title="bbox 250 821 1415 904; baseline -0.001 -17"><span class='ocrx_word' id='word_1_47' title='bbox 250 821 396 888; x_wconf 85' lang='lat' dir='ltr'>Handius</span> <span class='ocrx_word' id='word_1_48' title='bbox 425 839 455 902; x_wconf 92' lang='lat' dir='ltr'>p.</span> <span class='ocrx_word' id='word_1_49' title='bbox 481 823 540 884; x_wconf 79' lang='lat'>321</span> <span class='ocrx_word' id='word_1_50' title='bbox 570 839 642 880; x_wconf 85' lang='lat' dir='ltr'>uum</span> <span class='ocrx_word' id='word_1_51' title='bbox 669 836 731 884; x_wconf 91' lang='lat' dir='ltr'>non</span> <span class='ocrx_word' id='word_1_52' title='bbox 761 839 855 901; x_wconf 87' lang='lat' dir='ltr'>posse</span> <span class='ocrx_word' id='word_1_53' title='bbox 883 821 1003 889; x_wconf 91' lang='lat' dir='ltr'>habere</span> <span class='ocrx_word' id='word_1_54' title='bbox 1034 823 1142 888; x_wconf 88' lang='lat' dir='ltr'>sedem</span> <span class='ocrx_word' id='word_1_55' title='bbox 1170 822 1203 887; x_wconf 92' lang='lat' dir='ltr'>in</span> <span class='ocrx_word' id='word_1_56' title='bbox 1232 823 1415 904; x_wconf 85' lang='lat' dir='ltr'>interroga-</span> 
     </span>
     <span class='ocr_line' id='line_1_8' title="bbox 250 915 1411 1002; baseline 0 -17"><span class='ocrx_word' id='word_1_57' title='bbox 250 920 347 996; x_wconf 87' lang='lat' dir='ltr'>tione,</span> <span class='ocrx_word' id='word_1_58' title='bbox 371 917 432 984; x_wconf 88' lang='lat' dir='ltr'>nisi</span> <span class='ocrx_word' id='word_1_59' title='bbox 454 915 603 998; x_wconf 89' lang='lat' dir='ltr'>opinione</span> <span class='ocrx_word' id='word_1_60' title='bbox 625 918 676 983; x_wconf 87' lang='lat' dir='ltr'>vel</span> <span class='ocrx_word' id='word_1_61' title='bbox 699 920 860 1002; x_wconf 86' lang='lat' dir='ltr'>sententia</span> <span class='ocrx_word' id='word_1_62' title='bbox 882 927 955 986; x_wconf 88' lang='lat' dir='ltr'>ante</span> <span class='ocrx_word' id='word_1_63' title='bbox 986 927 1150 1001; x_wconf 86' lang='lat' dir='ltr'>occupata.</span> <span class='ocrx_word' id='word_1_64' title='bbox 1193 921 1279 986; x_wconf 88' lang='lat' dir='ltr'>Nam</span> <span class='ocrx_word' id='word_1_65' title='bbox 1307 921 1411 986; x_wconf 85' lang='lat' dir='ltr'><strong>sicubi</strong></span> 
     </span>
     <span class='ocr_line' id='line_1_9' title="bbox 251 1015 1412 1100; baseline 0.001 -17"><span class='ocrx_word' id='word_1_66' title='bbox 251 1015 536 1098; x_wconf 83' lang='lat' dir='ltr'>interrogationem</span> <span class='ocrx_word' id='word_1_67' title='bbox 559 1034 619 1097; x_wconf 90' lang='lat' dir='ltr'>per</span> <span class='ocrx_word' id='word_1_68' title='bbox 640 1035 712 1078; x_wconf 79' lang='lat' dir='ltr'>uuru</span> <span class='ocrx_word' id='word_1_69' title='bbox 735 1017 852 1082; x_wconf 89' lang='lat' dir='ltr'>elatam</span> <span class='ocrx_word' id='word_1_70' title='bbox 884 1018 988 1085; x_wconf 80' lang='lat' dir='ltr'>altere</span> <span class='ocrx_word' id='word_1_71' title='bbox 1010 1019 1158 1098; x_wconf 86' lang='lat' dir='ltr'>sequitur</span> <span class='ocrx_word' id='word_1_72' title='bbox 1178 1037 1238 1100; x_wconf 91' lang='lat' dir='ltr'>per</span> <span class='ocrx_word' id='word_1_73' title='bbox 1261 1039 1318 1098; x_wconf 82' lang='lat' dir='ltr'>ou,</span> <span class='ocrx_word' id='word_1_74' title='bbox 1349 1030 1412 1084; x_wconf 88' lang='lat' dir='ltr'>non</span> 
     </span>
     <span class='ocr_line' id='line_1_10' title="bbox 251 1111 1414 1197; baseline -0.002 -15"><span class='ocrx_word' id='word_1_75' title='bbox 251 1119 302 1182; x_wconf 88' lang='lat' dir='ltr'>est</span> <span class='ocrx_word' id='word_1_76' title='bbox 323 1111 494 1181; x_wconf 85' lang='lat' dir='ltr'>disiunctio</span> <span class='ocrx_word' id='word_1_77' title='bbox 516 1115 704 1194; x_wconf 86' lang='lat' dir='ltr'>statuenda,</span> <span class='ocrx_word' id='word_1_78' title='bbox 717 1137 718 1142; x_wconf 44' lang='lat'>¹</span> <span class='ocrx_word' id='word_1_79' title='bbox 732 1117 789 1180; x_wconf 88' lang='lat' dir='ltr'>sed</span> <span class='ocrx_word' id='word_1_80' title='bbox 812 1135 938 1181; x_wconf 82' lang='lat' dir='ltr'>aunon</span> <span class='ocrx_word' id='word_1_81' title='bbox 960 1115 1024 1181; x_wconf 91' lang='lat' dir='ltr'>alia</span> <span class='ocrx_word' id='word_1_82' title='bbox 1046 1117 1170 1181; x_wconf 90' lang='lat' dir='ltr'>ratione</span> <span class='ocrx_word' id='word_1_83' title='bbox 1193 1131 1289 1197; x_wconf 92' lang='lat' dir='ltr'>quam</span> <span class='ocrx_word' id='word_1_84' title='bbox 1313 1117 1414 1181; x_wconf 88' lang='lat' dir='ltr'>ouivis</span> 
     </span>
     <span class='ocr_line' id='line_1_11' title="bbox 250 1209 1413 1294; baseline -0.003 -14"><span class='ocrx_word' id='word_1_85' title='bbox 250 1215 305 1280; x_wconf 87' lang='lat' dir='ltr'>alii</span> <span class='ocrx_word' id='word_1_86' title='bbox 336 1213 551 1280; x_wconf 88' lang='lat' dir='ltr'>enunciationi</span> <span class='ocrx_word' id='word_1_87' title='bbox 588 1214 780 1280; x_wconf 74' lang='lat' dir='ltr'>adnectitur.</span> <span class='ocrx_word' id='word_1_88' title='bbox 832 1214 884 1280; x_wconf 86' lang='lat' dir='ltr'>Sia</span> <span class='ocrx_word' id='word_1_89' title='bbox 916 1209 1021 1280; x_wconf 91' lang='lat' dir='ltr'>Plaut.</span> <span class='ocrx_word' id='word_1_90' title='bbox 1050 1213 1146 1282; x_wconf 89' lang='lat' dir='ltr'>Poen.</span> <span class='ocrx_word' id='word_1_91' title='bbox 1176 1214 1214 1294; x_wconf 91' lang='lat' dir='ltr'>V,</span> <span class='ocrx_word' id='word_1_92' title='bbox 1238 1221 1273 1288; x_wconf 85' lang='lat'>5,</span> <span class='ocrx_word' id='word_1_93' title='bbox 1303 1219 1344 1280; x_wconf 83' lang='lat'>36</span> <span class='ocrx_word' id='word_1_94' title='bbox 1368 1231 1413 1294; x_wconf 89' lang='lat' dir='ltr'>sq.</span> 
     </span>
     <span class='ocr_line' id='line_1_12' title="bbox 250 1309 1414 1393; baseline -0.003 -14"><span class='ocrx_word' id='word_1_95' title='bbox 250 1314 377 1379; x_wconf 81' lang='lat' dir='ltr'>Terent.</span> <span class='ocrx_word' id='word_1_96' title='bbox 402 1309 530 1378; x_wconf 90' lang='lat' dir='ltr'>Phorm.</span> <span class='ocrx_word' id='word_1_97' title='bbox 554 1310 602 1392; x_wconf 96' lang='grc' dir='ltr'>ΙΙ,</span> <span class='ocrx_word' id='word_1_98' title='bbox 627 1317 660 1392; x_wconf 85' lang='grc'>3,</span> <span class='ocrx_word' id='word_1_99' title='bbox 686 1316 726 1376; x_wconf 88' lang='grc'>64</span> <span class='ocrx_word' id='word_1_100' title='bbox 749 1330 813 1393; x_wconf 56' lang='grc' dir='ltr'>ιρις</span> <span class='ocrx_word' id='word_1_101' title='bbox 846 1333 918 1374; x_wconf 85' lang='lat' dir='ltr'>uum</span> <span class='ocrx_word' id='word_1_102' title='bbox 945 1317 1077 1392; x_wconf 89' lang='lat' dir='ltr'>iniquom</span> <span class='ocrx_word' id='word_1_103' title='bbox 1093 1313 1251 1391; x_wconf 78' lang='lat' dir='ltr'>postulo?</span> <span class='ocrx_word' id='word_1_104' title='bbox 1294 1315 1349 1374; x_wconf 83' lang='lat' dir='ltr'>Au</span> <span class='ocrx_word' id='word_1_105' title='bbox 1379 1333 1414 1376; x_wconf 86' lang='lat' dir='ltr'>na</span> 
     </span>
     <span class='ocr_line' id='line_1_13' title="bbox 238 1410 1417 1494; baseline 0.002 -19"><span class='ocrx_word' id='word_1_106' title='bbox 238 1411 313 1476; x_wconf 82' lang='lat' dir='ltr'>&#39;hoe</span> <span class='ocrx_word' id='word_1_107' title='bbox 347 1415 465 1491; x_wconf 87' lang='lat' dir='ltr'>quidem</span> <span class='ocrx_word' id='word_1_108' title='bbox 506 1429 561 1488; x_wconf 80' lang='lat' dir='ltr'>ego</span> <span class='ocrx_word' id='word_1_109' title='bbox 601 1413 769 1488; x_wconf 81' lang='lat' dir='ltr'>adipiscar,</span> <span class='ocrx_word' id='word_1_110' title='bbox 806 1415 884 1490; x_wconf 89' lang='lat' dir='ltr'>quod</span> <span class='ocrx_word' id='word_1_111' title='bbox 925 1415 970 1475; x_wconf 89' lang='lat' dir='ltr'>ius</span> <span class='ocrx_word' id='word_1_112' title='bbox 1007 1414 1209 1490; x_wconf 79' lang='lat' dir='ltr'>publicumst?</span> <span class='ocrx_word' id='word_1_113' title='bbox 1261 1410 1417 1494; x_wconf 82' lang='lat' dir='ltr'>Compro-</span> 
     </span>
     <span class='ocr_line' id='line_1_14' title="bbox 251 1508 1417 1592; baseline -0.002 -14"><span class='ocrx_word' id='word_1_114' title='bbox 251 1512 349 1578; x_wconf 91' lang='lat' dir='ltr'>batur</span> <span class='ocrx_word' id='word_1_115' title='bbox 370 1509 431 1576; x_wconf 91' lang='lat' dir='ltr'>hoo</span> <span class='ocrx_word' id='word_1_116' title='bbox 454 1509 550 1574; x_wconf 89' lang='lat' dir='ltr'>etiarn</span> <span class='ocrx_word' id='word_1_117' title='bbox 570 1525 628 1588; x_wconf 87' lang='lat' dir='ltr'>eo,</span> <span class='ocrx_word' id='word_1_118' title='bbox 652 1508 754 1589; x_wconf 91' lang='lat' dir='ltr'>quod,</span> <span class='ocrx_word' id='word_1_119' title='bbox 784 1508 838 1574; x_wconf 87' lang='lat' dir='ltr'>ubi</span> <span class='ocrx_word' id='word_1_120' title='bbox 862 1509 1072 1591; x_wconf 84' lang='lat' dir='ltr'>disiungenda</span> <span class='ocrx_word' id='word_1_121' title='bbox 1096 1515 1146 1576; x_wconf 86' lang='lat' dir='ltr'>est</span> <span class='ocrx_word' id='word_1_122' title='bbox 1166 1512 1346 1592; x_wconf 84' lang='lat' dir='ltr'>sententia,</span> <span class='ocrx_word' id='word_1_123' title='bbox 1370 1511 1417 1576; x_wconf 93' lang='lat' dir='ltr'>di·</span> 
     </span>
     <span class='ocr_line' id='line_1_15' title="bbox 253 1607 1413 1690; baseline -0.003 -12"><span class='ocrx_word' id='word_1_124' title='bbox 253 1610 335 1678; x_wconf 85' lang='lat' dir='ltr'>citur</span> <span class='ocrx_word' id='word_1_125' title='bbox 363 1615 418 1672; x_wconf 83' lang='lat' dir='ltr'>out</span> <span class='ocrx_word' id='word_1_126' title='bbox 433 1615 510 1679; x_wconf 79' lang='lat' dir='ltr'>out,</span> <span class='ocrx_word' id='word_1_127' title='bbox 536 1607 692 1685; x_wconf 74' lang='lat' dir='ltr'>uocabulo</span> <span class='ocrx_word' id='word_1_128' title='bbox 719 1628 792 1671; x_wconf 84' lang='lat' dir='ltr'>uum</span> <span class='ocrx_word' id='word_1_129' title='bbox 814 1609 1004 1689; x_wconf 88' lang='lat' dir='ltr'>praemisso,</span> <span class='ocrx_word' id='word_1_130' title='bbox 1034 1609 1080 1674; x_wconf 88' lang='lat' dir='ltr'>sio</span> <span class='ocrx_word' id='word_1_131' title='bbox 1103 1609 1206 1674; x_wconf 86' lang='lat' dir='ltr'>Plaut.</span> <span class='ocrx_word' id='word_1_132' title='bbox 1230 1609 1347 1690; x_wconf 84' lang='lat' dir='ltr'><strong>Amph.</strong></span> <span class='ocrx_word' id='word_1_133' title='bbox 1372 1609 1413 1688; x_wconf 92' lang='lat'>11,</span> 
     </span>
     <span class='ocr_line' id='line_1_16' title="bbox 253 1711 975 1788; baseline -0.004 -15"><span class='ocrx_word' id='word_1_134' title='bbox 253 1711 289 1788; x_wconf 81' lang='lat'>2,</span> <span class='ocrx_word' id='word_1_135' title='bbox 313 1713 365 1772; x_wconf 79' lang='lat'>77.</span> <span class='ocrx_word' id='word_1_136' title='bbox 972 1751 975 1760; x_wconf 79' lang='lat'><em>‚</em></span> 
     </span>
     <span class='ocr_line' id='line_1_17' title="bbox 339 1802 1415 1887; baseline 0.002 -19"><span class='ocrx_word' id='word_1_137' title='bbox 339 1805 368 1880; x_wconf 91' lang='lat' dir='ltr'>d.</span> <span class='ocrx_word' id='word_1_138' title='bbox 414 1802 572 1868; x_wconf 88' lang='lat' dir='ltr'>Adiioitur</span> <span class='ocrx_word' id='word_1_139' title='bbox 600 1821 619 1866; x_wconf 92' lang='lat' dir='ltr'>a</span> <span class='ocrx_word' id='word_1_140' title='bbox 649 1803 777 1869; x_wconf 83' lang='lat' dir='ltr'>comicis</span> <span class='ocrx_word' id='word_1_141' title='bbox 808 1809 878 1867; x_wconf 79' lang='lat' dir='ltr'>uum</span> <span class='ocrx_word' id='word_1_142' title='bbox 908 1804 959 1870; x_wconf 89' lang='lat' dir='ltr'>vel</span> <span class='ocrx_word' id='word_1_143' title='bbox 989 1806 1176 1887; x_wconf 86' lang='lat' dir='ltr'>separatim,</span> <span class='ocrx_word' id='word_1_144' title='bbox 1210 1805 1261 1870; x_wconf 89' lang='lat' dir='ltr'>vel</span> <span class='ocrx_word' id='word_1_145' title='bbox 1290 1811 1342 1870; x_wconf 78' lang='lat' dir='ltr'>ut·</span> <span class='ocrx_word' id='word_1_146' title='bbox 1358 1803 1415 1870; x_wconf 85' lang='lat' dir='ltr'>fiat</span> 
     </span>
     <span class='ocr_line' id='line_1_18' title="bbox 254 1900 1418 1984; baseline 0.002 -17"><span class='ocrx_word' id='word_1_147' title='bbox 254 1923 406 1967; x_wconf 67' lang='lat' dir='ltr'>mutuom.</span> <span class='ocrx_word' id='word_1_148' title='bbox 438 1904 545 1980; x_wconf 84' lang='lat' dir='ltr'>Atque</span> <span class='ocrx_word' id='word_1_149' title='bbox 567 1900 613 1965; x_wconf 88' lang='lat' dir='ltr'>ita</span> <span class='ocrx_word' id='word_1_150' title='bbox 636 1900 779 1980; x_wconf 91' lang='lat' dir='ltr'>loquitur</span> <span class='ocrx_word' id='word_1_151' title='bbox 803 1903 837 1979; x_wconf 87' lang='lat' dir='ltr'>is,</span> <span class='ocrx_word' id='word_1_152' title='bbox 857 1903 914 1984; x_wconf 93' lang='lat' dir='ltr'>qui</span> <span class='ocrx_word' id='word_1_153' title='bbox 937 1921 999 1968; x_wconf 88' lang='lat' dir='ltr'>nou</span> <span class='ocrx_word' id='word_1_154' title='bbox 1022 1908 1188 1984; x_wconf 85' lang='lat' dir='ltr'>exspectat</span> <span class='ocrx_word' id='word_1_155' title='bbox 1209 1904 1341 1984; x_wconf 88' lang='lat' dir='ltr'>quidem</span> <span class='ocrx_word' id='word_1_156' title='bbox 1362 1923 1418 1969; x_wconf 79' lang='lat' dir='ltr'>ne</span> 
     </span>
     <span class='ocr_line' id='line_1_19' title="bbox 254 1989 1415 2085; baseline 0.001 -18"><span class='ocrx_word' id='word_1_157' title='bbox 254 1989 429 2085; x_wconf 82' lang='lat' dir='ltr'>gationem,</span> <span class='ocrx_word' id='word_1_158' title='bbox 467 1998 524 2064; x_wconf 83' lang='lat' dir='ltr'>sed</span> <span class='ocrx_word' id='word_1_159' title='bbox 556 1999 609 2078; x_wconf 91' lang='lat' dir='ltr'>qui</span> <span class='ocrx_word' id='word_1_160' title='bbox 638 1998 793 2065; x_wconf 81' lang='lat' dir='ltr'>sollicitus</span> <span class='ocrx_word' id='word_1_161' title='bbox 824 2007 970 2085; x_wconf 87' lang='lat' dir='ltr'>veretur,</span> <span class='ocrx_word' id='word_1_162' title='bbox 1006 2021 1046 2067; x_wconf 92' lang='lat' dir='ltr'>ne</span> <span class='ocrx_word' id='word_1_163' title='bbox 1074 2002 1116 2067; x_wconf 85' lang='lat' dir='ltr'>sit</span> <span class='ocrx_word' id='word_1_164' title='bbox 1146 2003 1230 2084; x_wconf 92' lang='lat' dir='ltr'>quod</span> <span class='ocrx_word' id='word_1_165' title='bbox 1253 2021 1319 2068; x_wconf 93' lang='lat' dir='ltr'>non</span> <span class='ocrx_word' id='word_1_166' title='bbox 1344 2021 1415 2068; x_wconf 86' lang='lat' dir='ltr'>esse</span> 
     </span>
     <span class='ocr_line' id='line_1_20' title="bbox 254 2097 1414 2182; baseline -0.003 -16"><span class='ocrx_word' id='word_1_167' title='bbox 254 2101 350 2182; x_wconf 88' lang='lat' dir='ltr'>cupit.</span> <span class='ocrx_word' id='word_1_168' title='bbox 396 2100 545 2164; x_wconf 78' lang='lat' dir='ltr'>Donatus</span> <span class='ocrx_word' id='word_1_169' title='bbox 564 2097 606 2163; x_wconf 90' lang='lat' dir='ltr'>ad</span> <span class='ocrx_word' id='word_1_170' title='bbox 629 2099 755 2164; x_wconf 89' lang='lat' dir='ltr'>Terent.</span> <span class='ocrx_word' id='word_1_171' title='bbox 779 2100 878 2165; x_wconf 83' lang='lat' dir='ltr'>Andr.</span> <span class='ocrx_word' id='word_1_172' title='bbox 902 2099 961 2180; x_wconf 91' lang='lat' dir='ltr'>III,</span> <span class='ocrx_word' id='word_1_173' title='bbox 985 2107 1015 2181; x_wconf 95' lang='grc'>4,</span> <span class='ocrx_word' id='word_1_174' title='bbox 1041 2105 1094 2166; x_wconf 80' lang='lat'>12:</span> <span class='ocrx_word' id='word_1_175' title='bbox 1122 2121 1194 2163; x_wconf 84' lang='lat' dir='ltr'>uam</span> <span class='ocrx_word' id='word_1_176' title='bbox 1221 2097 1414 2182; x_wconf 77' lang='grc' dir='ltr'>παρέλκεται,</span> 
     </span>
     <span class='ocr_line' id='line_1_21' title="bbox 253 2191 1505 2284; baseline -0.001 -22"><span class='ocrx_word' id='word_1_177' title='bbox 253 2202 338 2262; x_wconf 89' lang='lat' dir='ltr'>utin</span> <span class='ocrx_word' id='word_1_178' title='bbox 362 2191 533 2274; x_wconf 54' lang='lat' dir='ltr'>quisnam</span> <span class='ocrx_word' id='word_1_179' title='bbox 575 2197 638 2264; x_wconf 87' lang='lat' dir='ltr'>Sed</span> <span class='ocrx_word' id='word_1_180' title='bbox 658 2217 730 2260; x_wconf 85' lang='lat' dir='ltr'>uum</span> <span class='ocrx_word' id='word_1_181' title='bbox 753 2195 954 2278; x_wconf 82' lang='lat' dir='ltr'>adsignificat</span> <span class='ocrx_word' id='word_1_182' title='bbox 981 2199 1134 2264; x_wconf 89' lang='lat' dir='ltr'>maiorem</span> <span class='ocrx_word' id='word_1_183' title='bbox 1156 2199 1412 2264; x_wconf 79' lang='lat' dir='ltr'>admirationem.</span> <span class='ocrx_word' id='word_1_184' title='bbox 1504 2259 1505 2284; x_wconf 63' lang='grc'>,</span> 
     </span>
     <span class='ocr_line' id='line_1_22' title="bbox 255 2287 1505 2380; baseline -0.002 -18"><span class='ocrx_word' id='word_1_185' title='bbox 255 2295 373 2380; x_wconf 83' lang='lat' dir='ltr'>(Hand.</span> <span class='ocrx_word' id='word_1_186' title='bbox 398 2314 428 2377; x_wconf 86' lang='lat' dir='ltr'>p.</span> <span class='ocrx_word' id='word_1_187' title='bbox 454 2294 540 2379; x_wconf 87' lang='lat'>323).</span> <span class='ocrx_word' id='word_1_188' title='bbox 584 2296 688 2361; x_wconf 77' lang='lat' dir='ltr'>Plane.</span> <span class='ocrx_word' id='word_1_189' title='bbox 706 2295 820 2378; x_wconf 83' lang='lat' dir='ltr'>Amph.</span> <span class='ocrx_word' id='word_1_190' title='bbox 845 2295 871 2377; x_wconf 91' lang='lat'>1,</span> <span class='ocrx_word' id='word_1_191' title='bbox 899 2302 923 2374; x_wconf 89' lang='lat'>1,</span> <span class='ocrx_word' id='word_1_192' title='bbox 951 2301 1028 2361; x_wconf 84' lang='lat'>165:</span> <span class='ocrx_word' id='word_1_193' title='bbox 1051 2314 1194 2360; x_wconf 70' lang='lat' dir='ltr'>noema</span> <span class='ocrx_word' id='word_1_194' title='bbox 1218 2316 1273 2374; x_wconf 74' lang='lat' dir='ltr'>ego</span> <span class='ocrx_word' id='word_1_195' title='bbox 1290 2297 1417 2360; x_wconf 74' lang='lat' dir='ltr'>onorat?</span> <span class='ocrx_word' id='word_1_196' title='bbox 1504 2287 1505 2326; x_wconf 87' lang='lat'>³</span> 
     </span>
     <span class='ocr_line' id='line_1_23' title="bbox 252 2393 1413 2477; baseline -0.003 -16"><span class='ocrx_word' id='word_1_197' title='bbox 252 2393 290 2477; x_wconf 89' lang='lat' dir='ltr'>V,</span> <span class='ocrx_word' id='word_1_198' title='bbox 316 2401 349 2472; x_wconf 88' lang='lat'>1,</span> <span class='ocrx_word' id='word_1_199' title='bbox 374 2400 423 2460; x_wconf 79' lang='lat'>21.</span> <span class='ocrx_word' id='word_1_200' title='bbox 447 2395 519 2460; x_wconf 85' lang='lat' dir='ltr'>Aul.</span> <span class='ocrx_word' id='word_1_201' title='bbox 542 2395 592 2476; x_wconf 92' lang='grc' dir='ltr'>ΙΙ,</span> <span class='ocrx_word' id='word_1_202' title='bbox 620 2401 651 2468; x_wconf 89' lang='lat' dir='ltr'>l,</span> <span class='ocrx_word' id='word_1_203' title='bbox 676 2400 730 2460; x_wconf 85' lang='lat'>39:</span> <span class='ocrx_word' id='word_1_204' title='bbox 754 2397 908 2456; x_wconf 78' lang='lat' dir='ltr'>Nuuuuaau</span> <span class='ocrx_word' id='word_1_205' title='bbox 929 2399 972 2458; x_wconf 89' lang='lat' dir='ltr'>vis</span> <span class='ocrx_word' id='word_1_206' title='bbox 995 2416 1041 2460; x_wconf 87' lang='lat' dir='ltr'>me</span> <span class='ocrx_word' id='word_1_207' title='bbox 1071 2395 1258 2474; x_wconf 80' lang='lat' dir='ltr'>interrogare</span> <span class='ocrx_word' id='word_1_208' title='bbox 1286 2395 1344 2458; x_wconf 78' lang='lat' dir='ltr'>tel</span> <span class='ocrx_word' id='word_1_209' title='bbox 1387 2398 1413 2468; x_wconf 81' lang='lat'>8,</span> 
     </span>
     <span class='ocr_line' id='line_1_24' title="bbox 257 2491 1416 2573; baseline -0.003 -15"><span class='ocrx_word' id='word_1_210' title='bbox 257 2500 310 2561; x_wconf 86' lang='lat'>19:</span> <span class='ocrx_word' id='word_1_211' title='bbox 334 2497 488 2557; x_wconf 75' lang='lat' dir='ltr'>Numnam</span> <span class='ocrx_word' id='word_1_212' title='bbox 511 2514 566 2572; x_wconf 84' lang='lat' dir='ltr'>ego</span> <span class='ocrx_word' id='word_1_213' title='bbox 589 2497 725 2572; x_wconf 88' lang='lat' dir='ltr'>eonpilor</span> <span class='ocrx_word' id='word_1_214' title='bbox 748 2494 861 2557; x_wconf 83' lang='lat' dir='ltr'>miser?</span> <span class='ocrx_word' id='word_1_215' title='bbox 905 2491 976 2558; x_wconf 80' lang='lat' dir='ltr'>Cae.</span> <span class='ocrx_word' id='word_1_216' title='bbox 1000 2493 1039 2570; x_wconf 90' lang='lat' dir='ltr'>V,</span> <span class='ocrx_word' id='word_1_217' title='bbox 1063 2499 1092 2573; x_wconf 82' lang='grc'>2,</span> <span class='ocrx_word' id='word_1_218' title='bbox 1109 2499 1169 2571; x_wconf 66' lang='grc' dir='ltr'>Δὅδε</span> <span class='ocrx_word' id='word_1_219' title='bbox 1192 2495 1276 2555; x_wconf 86' lang='lat' dir='ltr'>Num</span> <span class='ocrx_word' id='word_1_220' title='bbox 1298 2496 1355 2556; x_wconf 88' lang='lat' dir='ltr'>illa</span> <span class='ocrx_word' id='word_1_221' title='bbox 1370 2511 1416 2554; x_wconf 83' lang='lat' dir='ltr'>me</span> 
     </span>
     <span class='ocr_line' id='line_1_25' title="bbox 251 2590 1416 2672; baseline -0.004 -16"><span class='ocrx_word' id='word_1_222' title='bbox 251 2613 324 2656; x_wconf 84' lang='lat' dir='ltr'>uum</span> <span class='ocrx_word' id='word_1_223' title='bbox 356 2593 513 2670; x_wconf 83' lang='lat' dir='ltr'>sequitur?</span> <span class='ocrx_word' id='word_1_224' title='bbox 558 2590 634 2658; x_wconf 82' lang='lat' dir='ltr'>cist.</span> <span class='ocrx_word' id='word_1_225' title='bbox 659 2591 715 2671; x_wconf 93' lang='lat' dir='ltr'>IV,</span> <span class='ocrx_word' id='word_1_226' title='bbox 741 2597 773 2672; x_wconf 92' lang='lat' dir='ltr'>l,</span> <span class='ocrx_word' id='word_1_227' title='bbox 797 2595 830 2655; x_wconf 90' lang='lat'>6:</span> <span class='ocrx_word' id='word_1_228' title='bbox 865 2595 940 2656; x_wconf 89' lang='lat' dir='ltr'>haeo</span> <span class='ocrx_word' id='word_1_229' title='bbox 969 2597 1089 2656; x_wconf 84' lang='lat' dir='ltr'>olstella</span> <span class='ocrx_word' id='word_1_230' title='bbox 1121 2609 1269 2655; x_wconf 72' lang='lat' dir='ltr'>munuum</span> <span class='ocrx_word' id='word_1_231' title='bbox 1297 2594 1370 2652; x_wconf 90' lang='lat' dir='ltr'>hine</span> <span class='ocrx_word' id='word_1_232' title='bbox 1399 2611 1416 2650; x_wconf 83' lang='lat' dir='ltr'>a</span> 
     </span>
     <span class='ocr_line' id='line_1_26' title="bbox 254 2687 1412 2768; baseline -0.003 -14"><span class='ocrx_word' id='word_1_233' title='bbox 254 2695 340 2755; x_wconf 85' lang='lat' dir='ltr'>nobie</span> <span class='ocrx_word' id='word_1_234' title='bbox 364 2691 503 2754; x_wconf 83' lang='lat' dir='ltr'>domest?</span> <span class='ocrx_word' id='word_1_235' title='bbox 548 2687 613 2752; x_wconf 89' lang='lat' dir='ltr'>Mil.</span> <span class='ocrx_word' id='word_1_236' title='bbox 637 2689 697 2768; x_wconf 87' lang='lat'>111,</span> <span class='ocrx_word' id='word_1_237' title='bbox 722 2694 750 2768; x_wconf 88' lang='lat'>3,</span> <span class='ocrx_word' id='word_1_238' title='bbox 776 2695 833 2754; x_wconf 83' lang='lat'>50:</span> <span class='ocrx_word' id='word_1_239' title='bbox 856 2691 1012 2752; x_wconf 84' lang='lat' dir='ltr'>Num-ille</span> <span class='ocrx_word' id='word_1_240' title='bbox 1035 2698 1066 2753; x_wconf 87' lang='lat' dir='ltr'>ta</span> <span class='ocrx_word' id='word_1_241' title='bbox 1088 2709 1160 2751; x_wconf 85' lang='lat' dir='ltr'>uum</span> <span class='ocrx_word' id='word_1_242' title='bbox 1182 2687 1284 2752; x_wconf 67' lang='lat' dir='ltr'>nouit?</span> <span class='ocrx_word' id='word_1_243' title='bbox 1319 2688 1412 2754; x_wconf 86' lang='lat' dir='ltr'>Poen.</span> 
     </span>
     <span class='ocr_line' id='line_1_27' title="bbox 255 2785 1419 2866; baseline -0.003 -12"><span class='ocrx_word' id='word_1_244' title='bbox 255 2789 293 2866; x_wconf 93' lang='lat' dir='ltr'>V,</span> <span class='ocrx_word' id='word_1_245' title='bbox 319 2793 347 2864; x_wconf 80' lang='lat'>2,</span> <span class='ocrx_word' id='word_1_246' title='bbox 375 2791 428 2852; x_wconf 85' lang='lat'>16:</span> <span class='ocrx_word' id='word_1_247' title='bbox 451 2790 603 2850; x_wconf 82' lang='lat' dir='ltr'>Nuruuam</span> <span class='ocrx_word' id='word_1_248' title='bbox 625 2791 649 2848; x_wconf 84' lang='lat' dir='ltr'>it</span> <span class='ocrx_word' id='word_1_249' title='bbox 672 2807 690 2850; x_wconf 91' lang='lat' dir='ltr'>a</span> <span class='ocrx_word' id='word_1_250' title='bbox 712 2791 828 2850; x_wconf 89' lang='lat' dir='ltr'>balneis</span> <span class='ocrx_word' id='word_1_251' title='bbox 852 2792 1051 2852; x_wconf 85' lang='lat' dir='ltr'>oireumdatus</span> <span class='ocrx_word' id='word_1_252' title='bbox 1067 2792 1169 2866; x_wconf 89' lang='lat' dir='ltr'>pallio.</span> <span class='ocrx_word' id='word_1_253' title='bbox 1209 2785 1303 2852; x_wconf 84' lang='lat' dir='ltr'>Truc.</span> <span class='ocrx_word' id='word_1_254' title='bbox 1326 2785 1370 2862; x_wconf 78' lang='grc' dir='ltr'>ΙΙ,</span> <span class='ocrx_word' id='word_1_255' title='bbox 1386 2792 1419 2864; x_wconf 84' lang='grc'>4,</span> 
     </span>
     <span class='ocr_line' id='line_1_28' title="bbox 257 2886 1413 2964; baseline -0.005 -12"><span class='ocrx_word' id='word_1_256' title='bbox 257 2893 290 2952; x_wconf 92' lang='lat'>1:</span> <span class='ocrx_word' id='word_1_257' title='bbox 314 2888 397 2950; x_wconf 89' lang='lat' dir='ltr'>Num</span> <span class='ocrx_word' id='word_1_258' title='bbox 421 2889 475 2948; x_wconf 89' lang='lat' dir='ltr'>tibi</span> <span class='ocrx_word' id='word_1_259' title='bbox 497 2905 576 2962; x_wconf 82' lang='lat' dir='ltr'>uam,</span> <span class='ocrx_word' id='word_1_260' title='bbox 601 2889 714 2962; x_wconf 86' lang='lat' dir='ltr'>amabo,</span> <span class='ocrx_word' id='word_1_261' title='bbox 739 2891 857 2948; x_wconf 79' lang='lat' dir='ltr'>ienuast</span> <span class='ocrx_word' id='word_1_262' title='bbox 878 2891 1003 2950; x_wconf 83' lang='lat' dir='ltr'>mordax</span> <span class='ocrx_word' id='word_1_263' title='bbox 1025 2907 1094 2949; x_wconf 89' lang='lat' dir='ltr'>mea</span> <span class='ocrx_word' id='word_1_264' title='bbox 1114 2886 1171 2948; x_wconf 80' lang='lat' dir='ltr'>-l</span> <span class='ocrx_word' id='word_1_265' title='bbox 1195 2891 1224 2963; x_wconf 82' lang='lat'>7,</span> <span class='ocrx_word' id='word_1_266' title='bbox 1241 2889 1298 2948; x_wconf 87' lang='lat'>41:</span> <span class='ocrx_word' id='word_1_267' title='bbox 1324 2887 1413 2964; x_wconf 76' lang='lat' dir='ltr'>Nasu,</span> 
     </span>
     <span class='ocr_line' id='line_1_29' title="bbox 255 2975 1416 3062; baseline -0.002 -14"><span class='ocrx_word' id='word_1_268' title='bbox 255 2988 396 3061; x_wconf 86' lang='lat' dir='ltr'>obseero,</span> <span class='ocrx_word' id='word_1_269' title='bbox 430 3003 501 3046; x_wconf 88' lang='lat' dir='ltr'>uum</span> <span class='ocrx_word' id='word_1_270' title='bbox 534 2987 667 3048; x_wconf 73' lang='lat' dir='ltr'>hamulus</span> <span class='ocrx_word' id='word_1_271' title='bbox 701 2984 732 3062; x_wconf 83' lang='lat' dir='ltr'>(l.</span> <span class='ocrx_word' id='word_1_272' title='bbox 761 2975 950 3061; x_wconf 77' lang='lat' dir='ltr'>hariolast),</span> <span class='ocrx_word' id='word_1_273' title='bbox 973 2989 1024 3062; x_wconf 91' lang='lat' dir='ltr'>qui</span> <span class='ocrx_word' id='word_1_274' title='bbox 1062 2987 1144 3061; x_wconf 89' lang='lat' dir='ltr'>ipsus</span> <span class='ocrx_word' id='word_1_275' title='bbox 1184 3002 1216 3046; x_wconf 85' lang='lat' dir='ltr'>se</span> <span class='ocrx_word' id='word_1_276' title='bbox 1251 2983 1416 3047; x_wconf 84' lang='lat' dir='ltr'>verberat?</span> 
     </span>
     <span class='ocr_line' id='line_1_30' title="bbox 239 3080 1414 3172; baseline -0.003 -24"><span class='ocrx_word' id='word_1_277' title='bbox 239 3082 355 3149; x_wconf 53' lang='lat' dir='ltr'>*Plaut</span> <span class='ocrx_word' id='word_1_278' title='bbox 380 3083 493 3165; x_wconf 85' lang='lat' dir='ltr'>fragm.</span> <span class='ocrx_word' id='word_1_279' title='bbox 516 3101 547 3164; x_wconf 90' lang='lat' dir='ltr'>p.</span> <span class='ocrx_word' id='word_1_280' title='bbox 570 3085 649 3149; x_wconf 74' lang='lat' dir='ltr'>Aee:</span> <span class='ocrx_word' id='word_1_281' title='bbox 672 3085 827 3172; x_wconf 72' lang='lat' dir='ltr'>Numuouu</span> <span class='ocrx_word' id='word_1_282' title='bbox 850 3087 921 3144; x_wconf 86' lang='lat' dir='ltr'>mihi</span> <span class='ocrx_word' id='word_1_283' title='bbox 944 3087 1023 3146; x_wconf 88' lang='lat' dir='ltr'>oouli</span> <span class='ocrx_word' id='word_1_284' title='bbox 1047 3081 1239 3145; x_wconf 76' lang='lat' dir='ltr'>auscultant?</span> <span class='ocrx_word' id='word_1_285' title='bbox 1285 3080 1414 3147; x_wconf 84' lang='lat' dir='ltr'>Terent.</span> 
     </span>
     <span class='ocr_line' id='line_1_31' title="bbox 243 3179 1419 3263; baseline -0.008 -15"><span class='ocrx_word' id='word_1_286' title='bbox 243 3182 332 3248; x_wconf 76' lang='lat' dir='ltr'>Eun.</span> <span class='ocrx_word' id='word_1_287' title='bbox 356 3181 399 3262; x_wconf 94' lang='grc' dir='ltr'>ΙΙ,</span> <span class='ocrx_word' id='word_1_288' title='bbox 423 3185 457 3252; x_wconf 83' lang='grc'>2,</span> <span class='ocrx_word' id='word_1_289' title='bbox 481 3185 539 3246; x_wconf 80' lang='lat'>55:</span> <span class='ocrx_word' id='word_1_290' title='bbox 569 3201 641 3244; x_wconf 87' lang='lat' dir='ltr'>uum</span> <span class='ocrx_word' id='word_1_291' title='bbox 663 3200 734 3242; x_wconf 87' lang='lat' dir='ltr'>uam</span> <span class='ocrx_word' id='word_1_292' title='bbox 755 3183 804 3242; x_wconf 91' lang='lat' dir='ltr'>hio</span> <span class='ocrx_word' id='word_1_293' title='bbox 827 3181 960 3244; x_wconf 79' lang='lat' dir='ltr'>relietu’s</span> <span class='ocrx_word' id='word_1_294' title='bbox 983 3190 1092 3263; x_wconf 81' lang='lat' dir='ltr'>eustos.</span> <span class='ocrx_word' id='word_1_295' title='bbox 1139 3179 1176 3259; x_wconf 92' lang='lat' dir='ltr'>V,</span> <span class='ocrx_word' id='word_1_296' title='bbox 1199 3183 1235 3256; x_wconf 87' lang='grc'>4,</span> <span class='ocrx_word' id='word_1_297' title='bbox 1261 3183 1321 3244; x_wconf 80' lang='lat'>25:</span> <span class='ocrx_word' id='word_1_298' title='bbox 1343 3199 1419 3240; x_wconf 83' lang='lat' dir='ltr'>uuru</span> 
     </span>
     <span class='ocr_line' id='line_1_32' title="bbox 252 3275 1414 3358; baseline 0 -18"><span class='ocrx_word' id='word_1_299' title='bbox 252 3299 324 3340; x_wconf 84' lang='lat' dir='ltr'>uum</span> <span class='ocrx_word' id='word_1_300' title='bbox 356 3301 411 3358; x_wconf 78' lang='lat' dir='ltr'>ego</span> <span class='ocrx_word' id='word_1_301' title='bbox 445 3280 546 3358; x_wconf 77' lang='lat' dir='ltr'>porti?</span> <span class='ocrx_word' id='word_1_302' title='bbox 591 3279 708 3344; x_wconf 84' lang='lat' dir='ltr'>Heaut.</span> <span class='ocrx_word' id='word_1_303' title='bbox 727 3278 797 3357; x_wconf 90' lang='grc' dir='ltr'>ΙΙΙΙ,</span> <span class='ocrx_word' id='word_1_304' title='bbox 824 3284 857 3351; x_wconf 84' lang='lat'>2,</span> <span class='ocrx_word' id='word_1_305' title='bbox 888 3283 925 3345; x_wconf 85' lang='lat'>6:</span> <span class='ocrx_word' id='word_1_306' title='bbox 958 3299 1031 3341; x_wconf 79' lang='lat' dir='ltr'>uuum</span> <span class='ocrx_word' id='word_1_307' title='bbox 1063 3297 1134 3340; x_wconf 81' lang='lat' dir='ltr'>uoou</span> <span class='ocrx_word' id='word_1_308' title='bbox 1168 3275 1242 3340; x_wconf 79' lang='lat' dir='ltr'>haec</span> <span class='ocrx_word' id='word_1_309' title='bbox 1278 3278 1414 3341; x_wconf 83' lang='lat' dir='ltr'>audivit?</span> 
     </span>
     <span class='ocr_line' id='line_1_33' title="bbox 254 3375 1418 3458; baseline 0 -18"><span class='ocrx_word' id='word_1_310' title='bbox 254 3377 388 3456; x_wconf 85' lang='lat' dir='ltr'>Adelph.</span> <span class='ocrx_word' id='word_1_311' title='bbox 421 3376 492 3458; x_wconf 88' lang='lat'>111,</span> <span class='ocrx_word' id='word_1_312' title='bbox 527 3384 572 3458; x_wconf 96' lang='grc'>4,</span> <span class='ocrx_word' id='word_1_313' title='bbox 605 3383 660 3444; x_wconf 85' lang='lat'>42:</span> <span class='ocrx_word' id='word_1_314' title='bbox 699 3380 781 3440; x_wconf 84' lang='lat' dir='ltr'>Num</span> <span class='ocrx_word' id='word_1_315' title='bbox 812 3397 886 3440; x_wconf 77' lang='lat' dir='ltr'>uuus</span> <span class='ocrx_word' id='word_1_316' title='bbox 917 3382 971 3440; x_wconf 87' lang='lat' dir='ltr'>illa</span> <span class='ocrx_word' id='word_1_317' title='bbox 1002 3395 1115 3454; x_wconf 85' lang='lat' dir='ltr'>quaeso</span> <span class='ocrx_word' id='word_1_318' title='bbox 1149 3377 1303 3454; x_wconf 75' lang='lat' dir='ltr'>parturiti</span> <span class='ocrx_word' id='word_1_319' title='bbox 1348 3375 1418 3441; x_wconf 78' lang='lat' dir='ltr'>Gn.</span> 
     </span>
     <span class='ocr_line' id='line_1_34' title="bbox 255 3469 1036 3539; baseline 0 -2"><span class='ocrx_word' id='word_1_320' title='bbox 255 3478 353 3539; x_wconf 81' lang='lat' dir='ltr'>Certe.</span> <span class='ocrx_word' id='word_1_321' title='bbox 810 3473 814 3482; x_wconf 83' lang='lat'><em>&#39;</em></span> <span class='ocrx_word' id='word_1_322' title='bbox 958 3469 959 3476; x_wconf 61' lang='lat'><em>&#39;</em></span> <span class='ocrx_word' id='word_1_323' title='bbox 1034 3500 1036 3513; x_wconf 41' lang='grc' dir='ltr'>ι</span> 
     </span>
    </p>
   </div>
   <div class='ocr_carea' id='block_1_3' title="bbox 253 3557 1418 4244">
    <p class='ocr_par' dir='ltr' id='par_1_4' title="bbox 253 3557 1418 3949">
     <span class='ocr_line' id='line_1_35' title="bbox 285 3557 1418 3660; baseline -0.002 -24"><span class='ocrx_word' id='word_1_324' title='bbox 285 3619 289 3624; x_wconf 82' lang='lat'>-</span> <span class='ocrx_word' id='word_1_325' title='bbox 340 3591 383 3660; x_wconf 79' lang='lat' dir='ltr'>e.¹</span> <span class='ocrx_word' id='word_1_326' title='bbox 412 3572 464 3638; x_wconf 86' lang='lat' dir='ltr'>Sia</span> <span class='ocrx_word' id='word_1_327' title='bbox 493 3557 736 3640; x_wconf 65' lang='lat' dir='ltr'>diuitur&#39;etiam</span> <span class='ocrx_word' id='word_1_328' title='bbox 766 3576 991 3650; x_wconf 72' lang='lat' dir='ltr'>numquidnam.</span> <span class='ocrx_word' id='word_1_329' title='bbox 1036 3571 1140 3636; x_wconf 85' lang='lat' dir='ltr'>Plaut</span> <span class='ocrx_word' id='word_1_330' title='bbox 1171 3570 1286 3634; x_wconf 89' lang='lat' dir='ltr'>Baooh.</span> <span class='ocrx_word' id='word_1_331' title='bbox 1317 3571 1355 3650; x_wconf 90' lang='lat' dir='ltr'>V,</span> <span class='ocrx_word' id='word_1_332' title='bbox 1387 3576 1418 3649; x_wconf 90' lang='lat' dir='ltr'>l,</span> 
     </span>
     <span class='ocr_line' id='line_1_36' title="bbox 253 3667 1416 3749; baseline -0.006 -13"><span class='ocrx_word' id='word_1_333' title='bbox 253 3676 311 3736; x_wconf 75' lang='lat'>25:</span> <span class='ocrx_word' id='word_1_334' title='bbox 335 3673 560 3746; x_wconf 75' lang='lat' dir='ltr'>Numquidnam</span> <span class='ocrx_word' id='word_1_335' title='bbox 583 3675 620 3734; x_wconf 87' lang='lat' dir='ltr'>ad</span> <span class='ocrx_word' id='word_1_336' title='bbox 643 3675 736 3736; x_wconf 87' lang='lat' dir='ltr'>filium</span> <span class='ocrx_word' id='word_1_337' title='bbox 761 3677 835 3736; x_wconf 86' lang='lat' dir='ltr'>haee</span> <span class='ocrx_word' id='word_1_338' title='bbox 858 3675 1011 3749; x_wconf 74' lang='lat' dir='ltr'>aegritudo</span> <span class='ocrx_word' id='word_1_339' title='bbox 1036 3670 1163 3732; x_wconf 77' lang='lat' dir='ltr'>attinet?</span> <span class='ocrx_word' id='word_1_340' title='bbox 1195 3667 1312 3732; x_wconf 79' lang='lat' dir='ltr'>Caedi.</span> <span class='ocrx_word' id='word_1_341' title='bbox 1328 3668 1416 3733; x_wconf 74' lang='lat' dir='ltr'>etat.</span> 
     </span>
     <span class='ocr_line' id='line_1_37' title="bbox 254 3765 1416 3847; baseline -0.006 -13"><span class='ocrx_word' id='word_1_342' title='bbox 254 3767 385 3835; x_wconf 74' lang='lat' dir='ltr'>Chalcia</span> <span class='ocrx_word' id='word_1_343' title='bbox 403 3768 442 3835; x_wconf 84' lang='lat' dir='ltr'>fr.</span> <span class='ocrx_word' id='word_1_344' title='bbox 466 3775 499 3836; x_wconf 79' lang='lat'>2:</span> <span class='ocrx_word' id='word_1_345' title='bbox 522 3771 669 3847; x_wconf 78' lang='lat' dir='ltr'>ruuuquu‘d</span> <span class='ocrx_word' id='word_1_346' title='bbox 688 3790 760 3832; x_wconf 85' lang='lat' dir='ltr'>uam</span> <span class='ocrx_word' id='word_1_347' title='bbox 782 3773 862 3838; x_wconf 84' lang='lat' dir='ltr'>fores</span> <span class='ocrx_word' id='word_1_348' title='bbox 885 3775 999 3834; x_wconf 85' lang='lat' dir='ltr'>Fecere</span> <span class='ocrx_word' id='word_1_349' title='bbox 1022 3769 1135 3830; x_wconf 80' lang='lat' dir='ltr'>soriti?</span> <span class='ocrx_word' id='word_1_350' title='bbox 1177 3765 1307 3830; x_wconf 84' lang='lat' dir='ltr'>Terent.</span> <span class='ocrx_word' id='word_1_351' title='bbox 1333 3766 1416 3832; x_wconf 77' lang='lat' dir='ltr'>Heu.</span> 
     </span>
     <span class='ocr_line' id='line_1_38' title="bbox 253 3864 986 3949; baseline 0 -17"><span class='ocrx_word' id='word_1_352' title='bbox 253 3864 301 3949; x_wconf 94' lang='lat' dir='ltr'>II,</span> <span class='ocrx_word' id='word_1_353' title='bbox 322 3871 363 3947; x_wconf 80' lang='lat'>2,</span> <span class='ocrx_word' id='word_1_354' title='bbox 387 3872 445 3932; x_wconf 79' lang='lat'>25:</span> <span class='ocrx_word' id='word_1_355' title='bbox 465 3872 613 3944; x_wconf 79' lang='lat' dir='ltr'>uumquu&#39;d</span> <span class='ocrx_word' id='word_1_356' title='bbox 633 3887 704 3930; x_wconf 85' lang='lat' dir='ltr'>uum</span> <span class='ocrx_word' id='word_1_357' title='bbox 727 3877 849 3944; x_wconf 80' lang='lat' dir='ltr'>accusat</span> <span class='ocrx_word' id='word_1_358' title='bbox 872 3867 986 3932; x_wconf 78' lang='lat' dir='ltr'>uirum?</span> 
     </span>
    </p>

    <p class='ocr_par' dir='ltr' id='par_1_5' title="bbox 254 3961 1417 4244">
     <span class='ocr_line' id='line_1_39' title="bbox 338 3961 1417 4044; baseline -0.005 -14"><span class='ocrx_word' id='word_1_359' title='bbox 338 3961 360 4030; x_wconf 85' lang='lat' dir='ltr'>f.</span> <span class='ocrx_word' id='word_1_360' title='bbox 405 3967 454 4032; x_wconf 86' lang='lat' dir='ltr'>De</span> <span class='ocrx_word' id='word_1_361' title='bbox 477 3967 614 4032; x_wconf 89' lang='lat' dir='ltr'>formula</span> <span class='ocrx_word' id='word_1_362' title='bbox 635 3971 780 4044; x_wconf 77' lang='lat' dir='ltr'>uumquid</span> <span class='ocrx_word' id='word_1_363' title='bbox 800 3971 869 4030; x_wconf 75' lang='lat' dir='ltr'>uis?</span> <span class='ocrx_word' id='word_1_364' title='bbox 899 3986 927 4031; x_wconf 88' lang='lat' dir='ltr'>v.</span> <span class='ocrx_word' id='word_1_365' title='bbox 952 3967 1041 4032; x_wconf 91' lang='lat' dir='ltr'>Lind.</span> <span class='ocrx_word' id='word_1_366' title='bbox 1065 3965 1114 4030; x_wconf 90' lang='lat' dir='ltr'>ad.</span> <span class='ocrx_word' id='word_1_367' title='bbox 1139 3962 1230 4043; x_wconf 83' lang='lat' dir='ltr'>Capt.</span> <span class='ocrx_word' id='word_1_368' title='bbox 1254 3961 1289 4041; x_wconf 93' lang='lat' dir='ltr'>I,</span> <span class='ocrx_word' id='word_1_369' title='bbox 1315 3967 1349 4041; x_wconf 82' lang='lat'>2,</span> <span class='ocrx_word' id='word_1_370' title='bbox 1373 3965 1417 4025; x_wconf 82' lang='lat'>88</span> 
     </span>
     <span class='ocr_line' id='line_1_40' title="bbox 254 4061 1413 4146; baseline -0.005 -18"><span class='ocrx_word' id='word_1_371' title='bbox 254 4061 324 4146; x_wconf 89' lang='lat' dir='ltr'>(ubi</span> <span class='ocrx_word' id='word_1_372' title='bbox 344 4064 494 4146; x_wconf 75' lang='lat' dir='ltr'>legituri:</span> <span class='ocrx_word' id='word_1_373' title='bbox 521 4063 689 4146; x_wconf 71' lang='lat' dir='ltr'>,Offioiosa</span> <span class='ocrx_word' id='word_1_374' title='bbox 710 4065 790 4133; x_wconf 87' lang='lat' dir='ltr'>haee</span> <span class='ocrx_word' id='word_1_375' title='bbox 814 4072 847 4129; x_wconf 84' lang='lat' dir='ltr'>et</span> <span class='ocrx_word' id='word_1_376' title='bbox 869 4063 1041 4130; x_wconf 86' lang='lat' dir='ltr'>honorifica</span> <span class='ocrx_word' id='word_1_377' title='bbox 1067 4061 1254 4129; x_wconf 87' lang='lat' dir='ltr'>abeuntium</span> <span class='ocrx_word' id='word_1_378' title='bbox 1276 4061 1413 4126; x_wconf 90' lang='lat' dir='ltr'>interro·</span> 
     </span>
     <span class='ocr_line' id='line_1_41' title="bbox 254 4159 1417 4244; baseline -0.009 -14"><span class='ocrx_word' id='word_1_379' title='bbox 254 4163 358 4244; x_wconf 80' lang='lat' dir='ltr'>gotio,</span> <span class='ocrx_word' id='word_1_380' title='bbox 397 4181 479 4244; x_wconf 92' lang='lat' dir='ltr'>quae</span> <span class='ocrx_word' id='word_1_381' title='bbox 522 4163 616 4229; x_wconf 87' lang='lat' dir='ltr'>simul</span> <span class='ocrx_word' id='word_1_382' title='bbox 653 4163 850 4240; x_wconf 81' lang='lat' dir='ltr'>valedicendi</span> <span class='ocrx_word' id='word_1_383' title='bbox 873 4166 961 4235; x_wconf 70' lang='lat' dir='ltr'>jsive-</span> <span class='ocrx_word' id='word_1_384' title='bbox 992 4161 1129 4228; x_wconf 87' lang='lat' dir='ltr'>abeundi</span> <span class='ocrx_word' id='word_1_385' title='bbox 1167 4165 1239 4225; x_wconf 88' lang='lat' dir='ltr'>erat</span> <span class='ocrx_word' id='word_1_386' title='bbox 1275 4159 1417 4242; x_wconf 82' lang='lat' dir='ltr'>signum.</span> 
     </span>
    </p>
   </div>
   <div class='ocr_carea' id='block_1_4' title="bbox 0 0 1531 4770">
    <p class='ocr_par' dir='ltr' id='par_1_6' title="bbox 0 0 1531 4770">
     <span class='ocr_line' id='line_1_42' title="bbox 0 0 1531 4770; baseline 0 0"><span class='ocrx_word' id='word_1_387' title='bbox 0 0 1531 4770; x_wconf 95' lang='lat' dir='ltr'> </span> 
     </span>
    </p>
   </div>
  </div>
 </body>
</html>
