3036 4766
544 142 693 184 nocnnlnn
709 141 944 184 Pnnnlounnllull.
1263 152 1324 214 385

176 331 266 398 Idem
288 330 363 397 ibid.
387 330 442 401 IV,
466 336 502 412 3,
526 337 583 398 39:
606 337 690 397 Unus
707 341 754 396 est
768 335 847 412 dies,
869 321 936 395 dnm
950 341 1105 411 argentum
1121 335 1233 412 eripio:
1242 352 1324 411 pan:
1432 413 1433 420 ἵ

174 435 218 498 nil
242 431 400 507 ampliusf‘
421 429 503 495 Vide
527 431 623 496 etiarn
645 430 819 496 Meursinm
841 430 883 495 ad
905 429 1008 496 locum
1031 429 1206 497 Trinummi
1227 429 1260 495 in
1276 432 1324 497 ed.

177 527 435 594 Taubmanninna
456 532 490 592 et
512 527 700 594 Salmasinm
722 528 754 594 in
777 529 826 594 ed.
851 527 1082 596 Boxhomiane.
1105 563 1148 576 -·
1168 531 1239 596 Pro.
1261 529 1326 595 Do·

177 631 273 692 natus
299 626 339 691 de
368 630 438 692 octo
467 626 612 706 partibus
642 626 795 694 orationis
824 645 853 708 p.
885 631 961 694 169:
997 627 1107 710 „Licet
1134 633 1241 694 nutem
1266 646 1326 709 pro

177 724 399 791 interiectione
432 723 527 788 etiarn
566 725 646 792 elias
677 729 787 808 partes
821 725 973 794 orationis
1007 726 1148 808 singulas
1177 725 1326 808 pluresve

178 841 356 905 supponere
365 820 393 903 ,“
417 822 457 887 ad
479 840 510 904 q.
533 822 553 888 l.
578 823 762 890 Caesarine:
786 823 858 906 „Sic
875 826 965 903 pro.“
988 823 1068 890 Vide
1091 825 1131 889 de
1154 825 1213 891 hac
1228 825 1327 890 inter-

178 921 314 989 iectione
337 921 433 986 etiam
455 920 552 986 Herz.
575 921 615 986 ad
639 921 714 988 Sall.
738 921 807 990 Get.
830 941 860 1005 p.
885 928 943 989 102
969 941 1015 1005 sq.
1037 922 1140 988 Plaut.
1164 922 1277 1004 Amph.
1301 921 1326 1002 Ι,

182 1028 215 1102 l,
238 1025 315 1087 220:
338 1022 401 1080 Pro
422 1022 526 1098 fidem,
553 1022 686 1082 Thebani
708 1025 796 1085 cives.
841 1024 868 1087 A
895 1021 965 1088 loco
995 1024 1102 1087 autem
1126 1019 1196 1087 009.
1226 1020 1275 1098 ΙΙ,
1299 1027 1328 1092 4.

183 1125 201 1185 5
219 1140 281 1197 pro
304 1119 443 1184 alienum
463 1122 530 1198 est,
552 1136 581 1184 v.
606 1118 764 1183 Hendium
787 1118 922 1186 Tursell.
948 1119 1004 1201 IV,
1032 1138 1062 1202 p.
1087 1124 1148 1186 572
1172 1127 1205 1186 et
1226 1119 1328 1186 Lede-

180 1219 309 1300 wigiurn
331 1216 364 1282 in
386 1217 491 1282 adnot.
515 1217 555 1282 ed
577 1216 648 1282 Ces.
670 1217 703 1282 in
725 1235 804 1284 mus.
827 1217 875 1284 rh.
898 1237 930 1300 p.
950 1223 1019 1299 197,
1042 1219 1097 1300 qui
1118 1218 1195 1285 dicit
1211 1239 1271 1297 pro
1294 1223 1328 1284 et

179 1337 234 1380 vae
255 1316 413 1382 interient.
437 1315 523 1397 apud
546 1315 694 1381 Plautum
717 1333 877 1397 nunqnam
901 1317 985 1383 solas
1007 1317 1098 1399 poni,
1122 1318 1178 1383 sed
1200 1334 1329 1399 semper

179 1415 296 1482 additis
316 1414 387 1480 aliis
408 1413 580 1481 vocabulis.
624 1414 722 1480 Poen.
746 1407 784 1497 V,
808 1421 843 1495 5,
867 1420 902 1481 3:
926 1418 987 1478 Pro
1017 1435 1153 1493 supreme
1182 1419 1327 1493 Iuppiter.

180 1513 294 1580 Geeeil.
318 1512 398 1579 stat.
422 1511 604 1594 Synephebi
626 1511 663 1577 fr.
689 1519 722 1578 3:
745 1516 807 1579 Pro
830 1518 916 1578 deum
931 1519 1050 1592 inploro
1065 1515 1162 1577 fidem.
1200 1512 1327 1578 Terent.

180 1613 278 1679 Andr.
312 1611 342 1692 Ι,
377 1618 412 1692 5,
442 1616 475 1690 2,
506 1629 534 1676 v.
568 1609 693 1676 Ruhnk.
722 1631 751 1676 v.
783 1617 837 1678 ll:
864 1616 926 1674 Prn
954 1615 1040 1675 deum
1068 1619 1156 1690 etque
1179 1614 1328 1674 hominnm

180 1713 282 1772 fidem!
324 1709 452 1774 Phonm.
476 1708 524 1789 ΙΙ,
549 1713 583 1781 3,
606 1715 642 1774 4:
661 1730 723 1791 pro
745 1713 831 1774 deum
847 1713 1061 1774 inmortaliuml
1077 1743 1116 1756 -
1134 1709 1327 1774 srslPlaut.

180 1808 274 1874 Most.
297 1807 344 1889 II,
367 1813 402 1881 2,
426 1813 480 1889 75,
509 1826 538 1871 v.
562 1808 700 1874 Gronov.
724 1844 764 1854 —
788 1815 883 1874 Talae
905 1809 1003 1874 Neev.
1028 1807 1201 1874 Tarentilla
1231 1808 1269 1874 tr.
1300 1813 1328 1874 5.

181 1907 284 1971 Plaut
308 1905 405 1972 Stich.
428 1906 466 1986 V,
490 1912 525 1986 7,
554 1909 580 1972 3.
627 1905 764 1973 Charin:
795 1902 978 1991 ,ἒκφώνησις
1004 1901 1163 1991 ἇρχαΐκὴ.“
1194 1908 1243 1972 De
1275 1926 1330 1970 vae

181 2005 338 2074 interient.
361 2009 395 2071 et
423 2003 550 2070 casibus
579 2023 649 2070 curn
677 2007 792 2085 quibus
819 2007 1031 2088 coniungetur
1053 2024 1082 2071 v.
1111 2005 1268 2087 Ladewig.
1297 2005 1329 2070 in

180 2103 332 2171 Zeitsehr.
355 2104 376 2170 f.
399 2103 461 2168 nlt.
487 2107 585 2183 1842,
608 2121 640 2184 p.
666 2108 756 2169 1079.
779 2139 822 2152 -
846 2108 913 2188 Vah
934 2103 1028 2168 Most
1051 2104 1078 2185 Ι,
1101 2108 1130 2186 3,
1153 2107 1202 2170 99.
1243 2105 1331 2168 Valla

182 2204 253 2271 Cas.
277 2202 332 2280 IV,
354 2207 389 2282 4,
413 2207 462 2268 25.
541 2209 543 2214 ’
738 2242 741 2247 -

242 4279 324 4332 nonne,
338 4279 447 4336 syntaxis.
468 4281 497 4323 ll.
