3076 4762
247 167 309 227 188
644 157 771 198 VERBUM.
800 157 864 198 ΟΔΡ.
877 157 927 198 xu.

244 349 569 423 attractatam.
613 347 694 412 nun.
719 347 776 426 ΙΙΙ,
804 353 831 426 1,
856 352 909 410 ro:
944 333 1037 422 onan
1068 347 1127 407 aaa<
1145 349 1230 408 «irtam
1264 349 1411 419 capuerat

243 451 397 510 miseriam
420 466 458 508 ex
481 451 587 520 auimo,
611 445 665 509 ubi
687 444 768 510 falso
792 450 935 509 Donatus
958 447 1010 506 ahi
1036 443 1162 523 accepit
1189 461 1249 522 pro
1272 443 1403 520 asama,

244 567 272 608 v.
302 542 319 625 ξ
347 548 399 608 aa
445 543 611 608 Pertiuant
637 546 700 612 huc
730 545 827 609 etiam
854 544 877 606 ii
907 541 977 620 loci,
1008 541 1063 606 uhi
1091 543 1157 616 aaa
1173 537 1406 620 significatione

246 658 275 706 v.
296 646 415 705 atinam
436 642 576 721 positum
600 651 660 722 ast,
683 651 719 708 ut
741 640 846 706 Plaut.
891 641 975 704 Meu.
998 639 1037 719 V,
1062 643 1091 719 ὁ,
1115 644 1172 704 31;
1195 641 1255 716 oa
1282 647 1312 700 te
1335 640 1409 713 Iup-

247 744 328 817 piter
351 744 438 818 dique
462 759 574 814 omues,
597 749 800 818 percontator,
821 741 974 814 perduint.

333 837 367 913 b)
414 841 599 902 Eaaaaotto
621 842 750 900 relativo
772 857 837 900 cam
859 839 1044 898 coniunctius
1063 855 1119 912 pro
1146 854 1247 897 manc.
1271 851 1409 894 covvsaaca¹

246 939 312 998 tiva
329 939 437 1011 posta.
483 936 620 1000 Praeter
641 941 750 1001 cetera
773 940 899 1015 spectat
920 934 983 1004 huc
1005 933 1227 1000 coniunctivae
1247 933 1405 996 inenunc.
1462 983 1465 991 t

246 1033 391 1099 relativis
420 1033 683 1100 antecedentibus
710 1034 819 1099 verbis
846 1053 916 1113 assa,
939 1035 1078 1112 repant,
1100 1033 1231 1098 inueniri
1269 1030 1406 1108 positus.
1529 1087 1530 1094 ,

246 1131 346 1200 Naev,
371 1131 548 1196 Corollaria
569 1131 612 1196 irs
631 1137 659 1211 2,
686 1151 713 1196 v.
739 1138 794 1198 39:
819 1136 907 1196 Ultro
931 1135 1072 1209 meretur,
1095 1149 1186 1204 quom
1208 1133 1307 1190 ohram
1329 1145 1409 1190 mac·
1529 1141 1530 1158 ¹

245 1237 304 1292 tar.
349 1229 449 1297 Naav,
483 1229 522 1294 fr.
553 1232 614 1295 iuc.
645 1249 724 1295 cont.
757 1236 811 1294 21:
846 1235 997 1294 sonticam
1028 1249 1095 1290 esve
1126 1236 1248 1304 oportet
1276 1245 1408 1300 oausam,

244 1345 336 1403 qaam
362 1333 460 1390 obrem
483 1331 594 1404 perdas
621 1332 784 1390 mulierem.
837 1328 917 1394 Cato
945 1327 982 1391 a.
1007 1327 1043 1390 R.
1067 1344 1094 1390 c.
1119 1331 1155 1390 3:
1185 1328 1339 1389 trochleas
1363 1355 1408 1366 --

244 1445 322 1501 qaae
343 1429 462 1488 funibus
486 1432 615 1502 sparteis
638 1429 809 1491 aasentias
839 1426 874 1492 C.
899 1435 932 1491 5:
956 1431 1038 1488 Duas
1060 1437 1112 1488 ant
1128 1435 1191 1507 tras
1205 1425 1336 1484 familias
1353 1425 1409 1484 ha·

247 1529 326 1608 beat,
354 1527 432 1586 anda
458 1528 569 1586 utenda
597 1532 679 1600 rapat
708 1537 739 1586 et
766 1529 873 1600 qartus
894 1529 950 1587 dat.
997 1523 1031 1588 C.
1061 1531 1094 1588 7:
1123 1526 1241 1586 domino
1257 1523 1327 1582 erit
1357 1521 1411 1592 qa*

245 1629 360 1683 atatam
413 1621 445 1686 O.
478 1629 531 1686 ll:
561 1625 641 1684 dolia
670 1627 703 1682 V.
734 1627 786 1684 ahi
814 1627 979 1686 vindemiae
1009 1642 1076 1685 essa.
1106 1625 1230 1697 possint.
1284 1615 1320 1682 C.
1351 1621 1407 1682 33:

246 1723 325 1795 qaod
346 1741 467 1795 granum
492 1725 602 1796 capiat,
630 1717 666 1781 ne
690 1727 790 1783 serito.
838 1721 872 1786 (Ι.
901 1729 973 1786 tol:
1001 1741 1057 1798 par
1080 1739 1131 1782 ver
1155 1722 1247 1782 serito
1278 1721 1310 1780 in
1340 1722 1407 1778 loco

247 1821 300 1881 ahi
324 1829 407 1880 terra
430 1823 593 1880 tenerrima
616 1824 673 1880 avit
694 1853 735 1862 —
757 1823 809 1882 abi
832 1839 910 1898 aqua
929 1828 1055 1898 propter
1077 1823 1140 1882 sat.
1185 1814 1281 1880 Ennii
1304 1811 1406 1892 epigr.

247 1921 277 1995 3,
301 1936 329 1982 v.
354 1921 388 1982 8:
411 1909 505 1980 Nemo
527 1923 570 1978 cst
592 1921 644 1991 qai
666 1920 754 1980 factis
778 1939 824 1978 me
848 1923 1045 1996 aequiperare
1061 1923 1155 1992 queat.
1206 1912 1407 1980 Euhemerus
1529 1991 1530 1998 ἵ

246 2013 283 2078 ir.
308 2021 344 2078 9·.
368 2019 441 2086 item
467 2020 580 2093 siquis
603 2020 672 2092 qnid
696 2019 764 2076 novi
781 2020 951 2092 invenerat,
977 2019 1054 2091 qaod
1076 2019 1114 2081 ad
1138 2017 1228 2077 vitam
1245 2015 1406 2080 humanam

247 2118 320 2176 utile
350 2119 430 2183 esset,
458 2133 494 2175 eo
522 2118 668 2177 veniebat.
721 2113 824 2177 Plant.
843 2113 962 2194 'Atnph
996 2116 1019 2192 Ι,
1045 2121 1073 2193 3,
1095 2119 1116 2177 4
1140 2131 1200 2192 sq:
1226 2112 1305 2184 Quid
1327 2111 1407 2170 istnc

246 2223 302 2286 est,
325 2215 366 2272 mi
388 2217 442 2289 vir,
466 2215 575 2291 negoti,
596 2214 677 2288 qaod
700 2213 787 2286 (aco)
812 2224 844 2274 tu
867 2223 927 2276 tarn
949 2219 1048 2276 subito
1073 2217 1161 2274 domo
1181 2208 1305 2270 Adeas?
1328 2202 1405 2272 hul.

244 2311 286 2386 ΙΙ,
311 2315 340 2389 2,
365 2315 421 2374 26:
444 2315 503 2372 Eat
524 2313 603 2386 qaod
622 2314 718 2374 asam
741 2315 858 2372 donum.
904 2311 995 2392 Gapt.
1019 2311 1061 2390 ΙΙ,
1086 2315 1115 2388 2,
1146 2314 1201 2372 77:
1230 2311 1290 2370 Est
1311 2308 1407 2367 etiam

244 2413 297 2472 ahi
325 2410 461 2486 profecto
488 2412 626 2472 damnum
653 2416 785 2484 praestet
811 2411 912 2472 facero
946 2431 1033 2488 qnam
1061 2415 1193 2471 lucrum.
1219 2404 1280 2482 ΙΙΙ,
1309 2408 1341 2482 ’1,
1373 2407 1408 2466 3:

244 2512 441 2570 Miserrumus
465 2516 520 2581 est,
545 2511 604 2583 qui,
629 2527 716 2583 quom
740 2527 807 2570 esse
829 2513 933 2585 cupiit,
956 2511 1034 2584 qaod
1055 2509 1115 2568 eda
1137 2525 1196 2567 nou
1218 2507 1320 2580 hahet,
1352 2497 1409 2564 ubi

244 2609 304 2669 odit
325 2613 375 2668 est
397 2605 625 2669 coniunctivae
648 2613 677 2678 4,
703 2610 759 2670 36;
782 2610 826 2668 Tu
844 2612 925 2668 enim
949 2607 1101 2683 repertos,
1125 2606 1328 2666 Philocratem
1356 2603 1409 2674 qai

243 2721 362 2777 saperes
384 2705 559 2764 veriverbio.
606 2719 633 2765 v.
658 2709 786 2784 disq:
811 2715 843 2766 tu
872 2706 1026 2784 tnaaata's,
1056 2722 1129 2766 vera
1151 2703 1324 2764 vanitudine
1348 2699 1411 2776 Qui

244 2803 409 2864 convincas.
460 2798 536 2863 oisc.
564 2799 605 2879 ΙΙ,
638 2806 664 2880 1,
692 2806 746 2866 26:
782 2806 838 2864 Ahi
873 2822 1019 2880 quaerere
1048 2805 1102 2865 abi
1132 2801 1320 2862 iuriiurando
1356 2807 1409 2858 tuo

246 2902 319 2970 satis
342 2902 383 2960 stt
404 2901 526 2961 subsidi.
551 2905 580 2968 3,
604 2905 640 2964 3:
664 2902 743 2976 quod
765 2903 903 2977 gaudeas.
949 2901 1064 2966 Bacch.
1089 2921 1115 2964 v.
1133 2903 1275 2964 tta-72:

252 3039 254 3045 -
288 2999 347 3059 Ubi
369 3016 424 3074 ego
446 2999 564 3072 copiam
585 3017 641 3074 pro
664 3002 824 3060 machaera
847 3010 1005 3062 turturem.
1118 3011 1121 3020 '

287 3097 403 3172 Ubique
425 3098 603 3170 impanatio
627 3116 743 3158 manum
766 3101 841 3160 alius
865 3101 937 3160 mihi
960 3119 1015 3176 pro
1042 3108 1128 3160 cestu
1149 3099 1339 3159 cantharum:

286 3198 344 3257 Pro
367 3200 453 3271 galea
476 3198 639 3270 scaphium,
662 3215 718 3271 pro
741 3200 850 3274 insigni
871 3202 912 3260 sit
934 3202 1050 3259 corolla
1072 3199 1214 3273 plectilis,
1280 3231 1283 3234 -

174 3298 179 3308 '
254 3307 258 3342 2
285 3295 342 3354 Pro
366 3296 454 3354 hasta
478 3296 573 3357 talus:
598 3314 653 3368 pro
676 3298 770 3358 lorica
793 3301 937 3358 malacum
953 3299 1075 3370 captam
1090 3296 1230 3370 pallium:

287 3389 345 3450 Ubi
366 3392 406 3449 mi
428 3410 482 3464 pro
507 3405 582 3466 equo
606 3394 702 3454 lectus
725 3395 821 3462 delur,
844 3406 976 3456 scortum
999 3412 1055 3471 pro
1079 3400 1164 3454 scuto
1188 3387 1335 3450 adcubat?

243 3501 326 3564 quae
352 3487 591 3550 enuntiationes
615 3487 769 3554 relativae
792 3493 934 3570 pendent
956 3509 995 3556 ex
1010 3490 1118 3554 vorbis
1132 3493 1297 3550 Panetrare
1320 3485 1412 3544 huius

226 3586 766 3662 Δ110111111111131111]1166.ΙΙ,
791 3595 819 3666 2,
845 3595 897 3654 37:
927 3593 1003 3664 Quid
1028 3599 1074 3650 est
1105 3590 1184 3664 qaod
1211 3581 1349 3662 pudeat?
1380 3600 1411 3642 v.

243 3685 297 3744 50:
323 3685 389 3744 Nou
413 3687 504 3746 homo
526 3694 559 3746 tu
582 3689 706 3762 quidem
725 3707 767 3766 es,
790 3690 842 3762 qai
862 3691 938 3748 istoc
961 3699 1051 3764 pacto
1074 3695 1133 3748 tum
1171 3687 1302 3761 lepidam
1331 3681 1410 3739 inle-
1529 3735 1530 3744 ,

249 3782 320 3855 pido
344 3781 537 3859 cappaciana
561 3801 588 3846 c.
614 3783 697 3860 talia,
720 3793 757 3847 ut
780 3783 947 3864 appellare
975 3786 1087 3866 possis
1135 3783 1254 3850 Pseud.
1280 3778 1308 3848 Ι,
1325 3780 1355 3853 2,
1371 3779 1416 3838 80

246 3877 293 3938 lbi
318 3881 374 3940 tibi
396 3883 470 3942 adeo
494 3887 594 3944 lectus
618 3885 746 3953 dabitur,
768 3887 820 3944 ahi
843 3897 875 3946 tu
899 3887 957 3944 hau
986 3903 1118 3946 somnum
1144 3886 1256 3958 comos.
1289 3883 1318 3953 3,
1346 3878 1405 3938 151
1529 3901 1530 3908 ¹

239 3976 375 4038 adeam
398 3997 461 4039 rem
485 3991 586 4042 ussust
609 3984 726 4042 homine
758 3990 857 4044 astuto
887 3986 976 4044 docto
1012 3987 1089 4044 seito
1126 3992 1157 4044 et
1188 3982 1315 4065 callido,
1342 3974 1408 4053 oua·

241 4074 382 4149 inperata
406 4078 523 4140 coiecta
553 4079 669 4153 reddat,
702 4099 760 4142 non
791 4085 843 4156 qao·
872 4083 998 4156 vigilans
1021 4082 1158 4142 dormiat.
1203 4079 1258 4154 lv,
1291 4080 1320 4153 6,
1347 4079 1405 4140 aa:

239 4172 320 4247 outa
342 4180 385 4236 est
407 4177 485 4248 qaod
507 4196 563 4238 nou
588 4183 702 4238 metatos
724 4183 762 4242 ab
785 4181 842 4241 eo‘?
865 4177 962 4242 Poeu.
995 4179 1074 4258 prot
1105 4197 1132 4242 v.
1163 4183 1197 4242 9:
1225 4181 1303 4240 Nam
1332 4174 1405 4252 quoi
