3036 4766
228 156 289 218 374
511 148 572 188 ΟΑΡ.
587 150 631 187 XV.
667 147 811 188 nocturne
838 145 1084 188 ENUNOIATIONUM.

225 340 275 404 ubl
298 341 390 400 larem
415 337 590 402 familiarem
615 341 764 411 selutuvit,
789 339 909 398 fundum
933 339 1036 400 eodem
1060 339 1118 408 die,
1140 337 1289 410 sipotest,
1313 335 1372 392 oir-

225 444 354 497 onmeot:
377 437 405 496 si
426 454 485 494 uon
515 455 550 497 eo
574 438 638 512 die,
668 443 700 498 ut
722 438 874 512 postridie.
921 432 953 498 C.
977 437 1013 499 8:
1041 438 1160 496 Brutum
1183 435 1210 494 ei
1231 433 1371 506 irrignum

225 535 358 608 habebis,
382 534 498 598 foenum
519 553 575 596 non
600 535 732 598 deficiet:
755 537 782 596 si
804 554 862 594 ooo
886 537 952 604 erit,
977 537 1097 609 siecum,
1121 551 1157 594 oe
1180 531 1297 594 foenum
1321 530 1371 588 de·

226 634 294 708 siet,
318 635 501 695 summittite.
533 629 612 696 Ceto
635 649 761 696 carmen
785 633 824 698 de
845 633 986 698 moribus
1008 630 1090 696 Iord.
1113 647 1143 709 p.
1167 633 1217 708 83,
1242 633 1277 691 5:
1298 630 1373 688 Nun

224 732 286 792 vitu
307 734 435 794 hnmano
456 749 550 806 prope
573 733 616 794 uti
639 730 749 792 serrum
767 739 835 794 eet.
852 734 878 792 si
894 747 1044 808 exerceas,
1069 731 1252 800 conteritnr3
1273 728 1374 787 ecoe

226 845 377 898 exerceas,
399 837 497 890 tamen
522 830 626 904 rubigo
648 830 798 892 interficit.
843 827 945 892 Pluut.
977 827 1090 892 Pseud.
1112 825 1176 903 Ill,
1200 830 1236 903 2,
1261 829 1317 888 87:
1341 823 1373 883 si

227 927 340 1004 eredis,
369 945 500 990 nummo:
530 929 556 987 sl
578 946 649 996 ooo,
672 947 709 988 ne
733 930 812 988 minu
837 930 963 1003 quidem.
1006 925 1101 988 Poen.
1125 924 1162 1002 V,
1188 929 1221 1002 3,
1244 928 1288 987 23
1308 938 1371 1000 sq:

227 1023 261 1084 Si
282 1027 513 1101 respondebunt,
539 1028 655 1090 Punice.
671 1045 793 1101 pergem
816 1027 912 1100 loqui,
936 1025 971 1084 Si
990 1042 1050 1083 corr
1072 1025 1146 1086 uolt.

312 1125 363 1184 58.
408 1125 499 1199 „Nisi
522 1120 637 1201 (Hand
661 1141 690 1202 p.
716 1126 776 1186 220
799 1120 859 1201 sq.)
883 1124 1052 1197 estuari,
1077 1127 1110 1184 et
1131 1120 1163 1185 in
1178 1119 1228 1184 hin
1244 1118 1371 1199 negatio

228 1234 275 1295 en,
299 1235 381 1298 quoe
403 1220 534 1300 antiquo
558 1237 618 1285 unu
642 1221 745 1300 [uti.§
770 1225 810 1284 29
834 1219 1011 1298 expositum
1035 1219 1098 1296 eut]
1126 1235 1185 1298 pro
1212 1235 1274 1277 noo
1300 1215 1372 1280 dici-

227 1316 295 1384 tur:
319 1314 403 1382 unde
426 1317 521 1382 etiam
545 1316 629 1383 lecto
651 1324 725 1384 sunt
747 1317 901 1383 vocabule
922 1321 1008 1392 ulkil,
1029 1317 1179 1378 uenirem.
1220 1314 1372 1394 Negundo

229 1410 328 1492 igitur
349 1431 406 1494 per
427 1419 487 1476 oter
509 1423 692 1482 removetur
713 1417 755 1496 id,
780 1415 863 1496 quod
886 1414 1074 1480 conditionis
1095 1413 1221 1478 nornine
1242 1411 1370 1476 accedit.

226 1507 372 1589 degatur
400 1514 549 1580 urdversa
577 1515 736 1580 sententie
770 1513 991 1578 conditionalis
1025 1517 1188 1577 contractu
1222 1512 1370 1576 oratione.

227 1605 309 1673 Num
332 1609 397 1674 ubi.
409 1611 479 1677 dieo
495 1618 592 1673 uotum
609 1615 644 1674 de
659 1619 685 1676 te
700 1619 749 1682 ert,
770 1613 830 1674 riri
845 1615 992 1691 procido,
1016 1610 1129 1691 plenus
1144 1609 1372 1684 sententiarum

228 1705 366 1772 ambitus
390 1707 440 1772 hic
463 1713 526 1774 est:
548 1714 656 1798 acturo
678 1711 718 1776 de
734 1714 849 1776 tecet:
873 1716 1008 1788 nonest,
1032 1709 1140 1786 silue,
1155 1707 1370 1786 suprouideu.

230 1798 468 1873 Contrahuutur
490 1813 596 1874 autern
620 1808 699 1874 hoec
720 1808 781 1886 ite,
809 1816 846 1872 ut
867 1809 970 1875 alteru
997 1825 1071 1888 puro
1094 1804 1372 1870 conditionaliter

229 1898 333 1974 ultore
362 1905 533 1981 procedere
563 1906 655 1986 eique
684 1923 722 1970 ex
754 1907 891 1971 adverso
918 1905 1034 1986 opponi
1069 1905 1215 1970 videatur
1243 1909 1277 1966 et
1303 1920 1373 1968 con-

229 1996 347 2065 iuuotio
369 2003 429 2063 uriel
443 2003 483 2070 ud
497 2003 696 2068 indicandam
719 2003 800 2068 hano
822 2003 1070 2076 vicissitudinem
1093 2001 1280 2067 intercedet.
1313 2000 1372 2066 Sio-

229 2095 275 2162 uti
296 2115 387 2178 ergo,
412 2099 465 2165 ubi
487 2105 514 2165 ei
534 2120 594 2164 ooo
616 2101 745 2180 dieitur,
773 2101 925 2182 primarie
952 2102 1110 2166 sententie
1133 2119 1151 2163 o
1173 2097 1370 2164 conditionali

231 2194 365 2272 pendet,
397 2197 443 2263 ite
477 2201 647 2266 contrairi
676 2203 738 2263 uiri
769 2199 990 2264 conditionalis
1018 2201 1157 2264 nectitur
1186 2196 1373 2278 eprimeriu
1492 2277 1493 2298 ᾖ

233 2295 400 2360 sententia.
446 2298 496 2362 Ad
523 2315 592 2364 eum
622 2299 704 2364 enirn
735 2297 856 2364 accedit
887 2317 944 2363 nee
973 2298 1114 2377 proterio
1144 2296 1312 2361 constituit
1332 2293 1374 2357 di·

231 2395 361 2470 rectam,
384 2393 440 2460 eod
464 2415 502 2460 ex
525 2396 586 2460 ullu
610 2397 768 2462 sententia
791 2402 959 2477 sumptam,
982 2413 1041 2460 neo
1063 2393 1286 2460 oeccnitutem
1304 2409 1375 2471 prce

230 2505 264 2558 se
286 2487 362 2567 lert,
394 2492 497 2572 qualis
522 2495 609 2558 inest
638 2495 840 2560 inabsoluta
868 2494 1076 2561 conclusione.
1121 2493 1203 2558 Hinc
1233 2509 1310 2555 vero
1331 2490 1374 2552 in·

218 2583 401 2668 ‘telligitur,
426 2608 487 2669 quo
510 2593 602 2658 modo
627 2594 659 2657 io
682 2593 835 2658 eiusmodi
859 2591 1017 2658 sententio
1037 2590 1204 2656 recondita
1228 2590 1270 2654 sit
1292 2585 1372 2652 offir-

231 2685 328 2767 mutio
349 2689 511 2754 contrarii:
537 2690 726 2772 intelligitur
741 2693 847 2768 etium,
871 2690 1027 2772 quomodo
1044 2690 1125 2753 duee
1142 2688 1374 2754 coniunctiones

232 2783 375 2862 componi
405 2787 528 2865 possint
555 2791 616 2848 oiri
637 2794 721 2864 poio,
751 2794 811 2853 uisi
839 2791 916 2866 quod
943 2789 975 2852 in
1007 2788 1177 2854 contructis
1201 2785 1370 2852 sententiis

233 2877 410 2959 conspicua
433 2889 482 2948 est
503 2886 613 2952 eedem
636 2887 717 2952 ratio
739 2889 770 2962 in
791 2888 927 2954 dictione
948 2890 1008 2949 niet
1022 2903 1081 2948 nor
1094 2889 1140 2948 oie
1162 2885 1275 2957 (Pluut.
1293 2883 1372 2950 Men.

230 2976 267 3050 V„
292 2983 321 3056 2,
345 2985 404 3054 37),
448 2982 499 3049 Ne
519 2983 589 3064 quis
612 2992 718 3050 tamen
741 2987 908 3065 existimet,
931 2985 973 3064 id,
996 2983 1080 3065 quod
1096 2983 1190 3048 modo
1213 2981 1292 3061 dixi,
1316 2997 1374 3046 non

231 3077 386 3154 quadrare
409 3080 442 3146 in
463 3099 520 3146 ees
543 3083 725 3163 sententias,
747 3083 779 3147 in
802 3085 998 3164 octonorio
1019 3082 1052 3146 in
1076 3081 1176 3162 priori
1196 3086 1290 3161 perte
1309 3097 1374 3144 eor·

230 3176 349 3250 urtice
375 3179 513 3259 positum
535 3179 688 3247 exhibere
708 3180 869 3250 videatur.¹
888 3182 1040 3248 directum
1069 3179 1227 3260 protasio,
1262 3176 1375 3258 duplex

231 3279 281 3348 est
302 3276 503 3356 respiciendo
525 3295 629 3344 causa.
673 3279 756 3344 Nam
779 3281 962 3349 connectio·
981 3277 1080 3344 semel
1101 3276 1187 3342 facta
1201 3279 1261 3339 rust
1283 3275 1374 3340 etiunr

231 3375 299 3442 toto
324 3371 427 3440 officio
450 3393 508 3442 suo
529 3374 674 3457 fungitur
700 3384 733 3443 et
758 3383 867 3460 potest
893 3376 1052 3443 comunis
1081 3375 1186 3442 verbis
1214 3374 1310 3440 etium
1332 3373 1376 3436 in·

230 3486 323 3534 verso
347 3473 457 3540 ordine
480 3479 577 3556 atque
600 3478 700 3555 primo
732 3476 802 3541 loco
831 3476 914 3558 poni.
959 3477 996 3541 ld
1017 3475 1116 3554 enim,
1147 3473 1231 3556 quod
1261 3472 1380 3536 uddon-¹

231 3565 303 3646 dpm
329 3575 387 3650 eet,
411 3573 614 3654 concipiatur,
638 3581 671 3640 et
692 3575 734 3653 id,
758 3575 1034 3654 quodrodlruerere
1057 3572 1147 3651 solet,
1168 3571 1265 3636 etium
1280 3570 1375 3634 inter·

230 3666 295 3744 seri
317 3674 431 3746 potest.
476 3671 555 3738 Turn
586 3691 661 3738 vero
691 3673 832 3754 uulgaris
854 3673 982 3754 linguae
1004 3689 1100 3749 usus,
1130 3677 1166 3735 ut
1188 3667 1284 3750 paulo
1306 3669 1377 3747 post

230 3765 421 3849 videbimus,
446 3789 516 3840 eum,
537 3771 697 3838 licentiam
719 3772 862 3852 obtinet,
891 3789 955 3850 que
974 3774 1034 3834 uiui
1057 3774 1090 3834 et
1111 3772 1138 3832 si
1158 3787 1218 3830 ooo
1240 3783 1375 3833 commu·

230 3867 348 3932 turtur.
393 3866 482 3934 Noun.
495 3887 592 3950 *saepe
616 3887 679 3934 non
698 3871 832 3936 multum
857 3876 913 3934 aut
934 3869 1012 3934 nihil
1032 3866 1140 3943 refert,
1163 3871 1271 3930 utrurn
1295 3861 1377 3943 cogi·

230 3966 303 4042 tem,
327 3965 353 4030 si
367 3965 503 4033 alterum
519 3964 584 4046 fiet,
607 3967 745 4034 alterurn
761 3987 845 4034 esec:
868 3967 1032 4049 inquibus
1047 3986 1110 4047 per,
1121 3961 1375 4044 consequentium

231 4060 349 4126 directe
373 4053 605 4143 componuntur
627 4083 695 4130 ree:
724 4085 764 4130 un
788 4068 827 4132 de
850 4084 913 4130 uno
935 4084 970 4130 re
1000 4064 1181 4146 praedicem
1204 4079 1275 4126 curn
1298 4075 1375 4134 esse,

229 4159 287 4226 sed
310 4178 372 4226 non
395 4179 476 4240 esse,
498 4162 525 4228 si
548 4164 650 4228 ultera
671 4165 722 4228 sit.
753 4165 930 4232 Disorinren
953 4165 1037 4228 eninr
1058 4163 1090 4228 in
1106 4181 1144 4227 eo
1160 4157 1310 4234 cernitur,
1333 4158 1375 4232 ut,
