3076 4762
393 107 433 146 nn
447 106 543 147 1101>18.
557 127 583 138 ·-
596 106 656 150 1111).
670 107 702 148 nt
715 107 821 152 ENUNO.
836 108 1113 153 connrrrorvsmns.
1278 119 1338 184 103

183 294 214 360 si
235 293 410 362 conditioni
433 293 559 376 satisfit,
589 301 645 362 aut
669 313 765 362 unum
794 301 917 364 oenum
938 297 1058 365 iactum
1081 303 1232 380 tanquam
1253 299 1340 366 iutu-

183 409 257 458 rum
279 395 478 473 proponitur.
523 393 593 460 Iam
615 395 648 458 in
670 394 852 474 sumptione
875 395 943 460 dati
964 397 998 460 in
1019 401 1109 462 recta
1124 397 1251 477 quidem
1267 415 1341 463 ora·

184 490 273 555 tione
307 496 494 558 constanter
526 492 656 572 ponitur
688 492 895 572 indicativus,
929 511 1032 574 neque
1069 495 1174 559 minus
1205 493 1274 560 lere
1307 493 1341 558 in

182 589 405 654 enuudationc
431 588 596 668 primaria,
625 607 817 671 quamquam
843 590 877 656 in
904 590 963 657 hac
991 608 1215 671 nonnunquam
1242 591 1340 656 etiam

184 685 345 752 invenitur
382 686 603 752 coniunctivae
640 687 832 768 potentialis.
899 687 949 752 hd
985 689 1194 769 sumptionem
1231 693 1340 755 autem

183 783 283 850 dandi
304 785 389 863 quod
412 785 537 854 attinet,
566 785 599 850 in
623 801 686 864 qua
707 783 818 850 itidem
841 785 971 864 ponitur
993 785 1198 866 indicativus,
1227 787 1255 851 si
1276 786 1340 868 pri·

185 897 272 946 mum
295 887 478 962 spectamus
509 882 746 948 enunciationes
768 880 1030 962 hequentativas,
1058 883 1090 948 in
1112 883 1227 949 harum
1249 888 1341 948 utra-

183 995 248 1058 que
282 985 386 1060 parte,
420 985 452 1045 et
485 979 692 1044 conditionali
719 983 752 1044 et
780 981 953 1060 sumptiva,
987 981 1175 1061 plerumque
1209 980 1341 1062 ponitur

186 1093 348 1158 praesens,
372 1094 563 1159 quamquam
587 1076 682 1141 etiam
705 1076 917 1156 praeteritum
941 1082 974 1144 et
995 1077 1138 1144 futurum
1159 1079 1263 1144 locum
1285 1077 1341 1143 ha·

184 1173 261 1240 here
291 1179 409 1255 potest.
453 1174 490 1239 In
520 1173 623 1238 altero
653 1179 761 1240 autem
790 1191 907 1255 genere
929 1175 1117 1256 sumptionis
1138 1174 1234 1240 dandi
1255 1176 1341 1256 quod

185 1273 361 1353 posuimus,
395 1273 422 1338 si
451 1273 484 1336 in
506 1272 726 1338 enunciationc
756 1272 910 1352 primaria
932 1278 983 1338 est
1003 1273 1145 1338 laturum
1170 1275 1245 1353 (quo
1268 1290 1341 1353 per·

185 1371 290 1434 tinent
312 1371 407 1436 etiam
430 1371 634 1450 imperativi),
659 1369 846 1449 plerumque
868 1370 966 1435 etiam
981 1370 1142 1450 sumptiva
1162 1369 1340 1435 enuntiatio

185 1468 285 1534 hahet
312 1467 456 1534 futurum
479 1469 530 1532 vel
552 1468 695 1533 futurum
719 1471 878 1546 exactum;
908 1465 1014 1532 rarius
1037 1475 1088 1532 est
1108 1467 1140 1531 in
1162 1467 1342 1548 sumptione

183 1571 312 1646 tempus
335 1584 490 1646 praesens
511 1570 569 1631 aut
590 1565 816 1647 praeteritum,
846 1564 903 1629 sed
929 1564 1140 1644 praeteritum
1162 1569 1285 1630 tantum
1308 1565 1342 1628 in

185 1665 327 1730 oratione
347 1663 493 1744 oblique,
517 1663 571 1728 uhi
583 1663 721 1743 sumptio
733 1660 883 1742 adsciscit
895 1661 1137 1728 coniunctivum.
1175 1664 1215 1739 (v.
1232 1660 1342 1727 Etaie-

183 1780 254 1826 rum
271 1780 300 1841 p.
321 1762 512 1836 165-169).
542 1760 615 1825 Non
627 1761 780 1826 absonum
797 1760 860 1824 erit
882 1759 979 1824 etiarn
995 1759 1095 1824 verba
1115 1760 1232 1826 Handii
1256 1765 1340 1826 attu-

182 1858 260 1924 lisse
275 1858 414 1922 inTurs.
430 1858 484 1936 IV,
506 1877 536 1938 p.
561 1862 623 1922 224
646 1857 685 1922 de
703 1875 762 1924 usu
784 1856 946 1922 indicativi
968 1861 1041 1936 post
1056 1858 1245 1938 particulam
1267 1860 1340 1922 aiei:

181 1956 243 2036 „ln
273 1958 459 2036 exceptione
488 1955 536 2034 id,
568 1974 587 2020 a
617 1973 680 2035 quo
714 1953 834 2034 aliquid
865 1955 1036 2036 excipitur,
1059 1974 1119 2038 per
1145 1975 1179 2021 se
1207 1960 1340 2036 constet,

183 2055 329 2135 ideoque,
352 2054 413 2118 nisi
428 2053 574 2118 alicunde
593 2053 716 2118 accedit
731 2051 794 2116 alia
814 2070 920 2132 causa,
942 2071 1002 2133 per
1015 2053 1222 2120 indicativum
1244 2053 1342 2135 signi·

182 2150 341 2218 dcundum
365 2155 428 2218 est:
451 2151 483 2216 id
506 2156 624 2230 autem,
648 2149 732 2230 quod
755 2149 928 2230 excipitur,
960 2155 1016 2215 aut
1041 2151 1073 2215 in
1096 2168 1205 2216 rerum
1227 2161 1342 2216 natura

181 2250 376 2330 conspicitur
402 2254 534 2326 certum,
558 2254 615 2314 aut
631 2248 824 2329 cogitatione
841 2248 1018 2328 concipitur
1038 2267 1110 2314 csse
1124 2268 1226 2329 posse.
1271 2249 1341 2314 Hoc

179 2347 418 2414 coaiunctivum
440 2347 587 2427 requirit,
609 2346 689 2412 illud
712 2344 949 2412 indicativum.“

272 2449 300 2522 1)
325 2447 459 2522 Sumptis
492 2448 564 2508 doti.
611 2443 691 2510 Cato
724 2444 756 2508 in
789 2445 867 2541 orig.
898 2444 918 2508 l.
948 2443 976 2510 V
1008 2441 1101 2526 (orat.
1129 2463 1186 2527 pro
1210 2445 1339 2524 Rhodi:

179 2547 275 2623 siquis
299 2549 441 2620 advorsus
466 2564 528 2606 rem
552 2563 634 2606 suam
656 2545 726 2620 qnid
749 2545 815 2605 fieri
838 2545 1033 2622 arbitrantur,
1057 2564 1169 2606 summa
1192 2548 1220 2608 vi
1237 2553 1342 2607 contra

183 2646 299 2704 aititur.
354 2641 418 2706 Ib.:
453 2643 526 2704 Idne
559 2644 733 2711 irascimini,
763 2645 856 2719 siquis
888 2645 1045 2720 superbior
1074 2647 1118 2704 est
1148 2629 1241 2720 quam
1265 2643 1340 2705 vos?

185 2739 290 2804 Plaut.
313 2739 428 2819 Amph.
452 2739 478 2819 1,
503 2746 531 2819 3,
558 2744 610 2804 11;
646 2743 730 2802 Satin
753 2741 852 2809 tabee
873 2743 901 2802 si
922 2739 1098 2804 feminarum
1122 2746 1231 2804 nullast
1253 2760 1340 2818 quam

184 2857 278 2916 aeque
303 2840 443 2917 diligam?
472 2837 514 2916 ΙΙ,
539 2842 568 2916 2,
593 2842 653 2902 219
676 2855 763 2917 sqq:
787 2841 873 2913 Quid,
894 2841 921 2902 so'
943 2842 1056 2902 αάἀαοο
1078 2848 1159 2900 tuum
1184 2845 1341 2915 cognatum

183 2939 241 2998 huo
264 2940 301 2998 ab
325 2941 392 2998 navi
415 2939 605 3014 Naucratem,
631 2938 688 3010 Qui
710 2955 823 2998 mecum
850 2955 909 2998 una
931 2946 1049 2999 vectust
1072 2956 1131 2998 una
1145 2940 1227 2999 navi:
1251 2945 1340 3012 atque

185 3037 211 3098 is
238 3036 415 3108 sidencpat
432 3037 535 3104 Facta,
552 3053 626 3110 quae
652 3044 682 3095 tu
707 3034 787 3096 facta
810 3037 894 3108 diois,
918 3036 988 3112 quid
1011 3037 1065 3096 tibi
1081 3039 1235 3110 aequomst
1255 3033 1340 3094 fieri?

182 3130 341 3207 Au1.111,
365 3135 393 3210 2,
422 3138 473 3194 15:
508 3132 577 3208 quid
605 3164 646 3174 —
672 3149 759 3194 curas
789 3134 846 3206 To,
879 3141 976 3194 utrum
1004 3133 1127 3192 crudum
1157 3151 1193 3195 an
1223 3141 1340 3192 coctum

181 3233 287 3305 edam,
317 3232 377 3292 alsi
407 3240 438 3290 tn
461 3233 532 3291 mihi
561 3230 716 3292 escator?
760 3227 819 3306 III,
842 3232 871 3306 6,
895 3233 951 3294 22;
987 3232 1070 3304 Quae
1094 3233 1134 3290 mi
1155 3231 1339 3290 interbibere

184 3331 262 3403 sola,
285 3332 313 3390 si
334 3330 401 3390 vino
423 3332 526 3401 scatet,
552 3329 790 3390 Corinthiensem
814 3328 926 3390 iontem
950 3331 1078 3390 Pirenen
1094 3333 1198 3403 potera
1242 3323 1339 3390 Marc.

183 3423 245 3504 Ill,
271 3430 298 3503 l,
323 3431 377 3489 21:
401 3426 770 3500 ascensoresque
795 3429 915 3488 uberius
938 3446 1025 3504 posse
1049 3446 1130 3489 nera.
1162 3426 1258 3490 Poen.
1284 3423 1340 3504 IV,

186 3527 214 3600 2,
239 3529 293 3588 92;
316 3529 358 3586 At
382 3528 459 3586 enim
483 3525 557 3585 nihil
580 3529 630 3600 esi,
653 3525 722 3592 nisi,
746 3525 813 3584 dum
838 3529 925 3600 calet,
950 3527 1005 3587 hoc
1028 3529 1136 3600 opiter.
1182 3523 1219 3602 V,
1237 3527 1265 3600 2,
1282 3527 1339 3587 85:

187 3621 220 3682 Si
248 3625 365 3698 quidem
395 3624 568 3704 Antidamai
600 3621 660 3698 (sic
686 3619 796 3696 Both.;
826 3619 908 3702 Aeg
938 3627 972 3686 et
994 3622 1078 3704 vulg.
1101 3622 1339 3693 Antidamarohi)

185 3723 306 3794 quaeris
328 3723 551 3796 adoptatitium,
574 3723 640 3798 Ego
668 3739 734 3782 sum
756 3722 849 3796 ipsos.
895 3739 923 3786 v.
951 3725 1010 3784 112
1033 3739 1094 3800 sq.:
1129 3722 1189 3782 Sed
1210 3721 1237 3781 si
1259 3723 1340 3789 itast,

186 3827 218 3880 ut
240 3827 273 3880 tu
296 3822 337 3880 sis
360 3821 497 3882 Iachonis
521 3819 613 3893 iilius,
638 3819 757 3894 Signum
781 3837 848 3880 esse
871 3824 983 3892 oportet
1003 3822 1034 3880 in
1057 3822 1252 3880 maculaeve
1275 3819 1341 3878 tibi.

186 3913 274 3980 Pers.
298 3915 342 3996 II,
367 3921 395 3996 2,
418 3922 476 3980 45;
500 3919 548 3978 sia
570 3926 599 3978 te
623 3918 711 3977 omo?
734 3915 827 3980 PAE.
851 3919 931 3978 Male
955 3935 1076 3992 operam
1099 3918 1182 3980 locos.
1211 3913 1292 3978 Rud.
1312 3915 1338 3992 I,

187 4017 215 4091 2,
238 4019 279 4078 44
303 4030 365 4094 sq.:
399 4017 502 4093 Neque
528 4019 625 4090 potest
645 4015 727 4076 Clam
756 4032 802 4076 ma
826 4033 902 4090 csse,
932 4016 1010 4090 siqui
1039 4015 1207 4087 sacraficoi.
1253 4010 1338 4074 Trin.

113 4140 116 4149 ·
185 4108 241 4189 IV,
266 4117 293 4192 2,
321 4116 379 4178 116
403 4129 466 4192 sq.:
491 4116 651 4178 Enimvero
674 4131 728 4190 ego
753 4131 830 4175 nunc
854 4114 1057 4189 sucophantas
1081 4116 1149 4175 huic
1172 4111 1338 4185 sucophan-

1509 3939 1511 4017 l
