<?xml version="1.0" encoding="UTF-8"?>
<!DOCTYPE html PUBLIC "-//W3C//DTD XHTML 1.0 Transitional//EN"
    "http://www.w3.org/TR/xhtml1/DTD/xhtml1-transitional.dtd">
<html xmlns="http://www.w3.org/1999/xhtml" xml:lang="en" lang="en">
 <head>
  <title>
</title>
<meta http-equiv="Content-Type" content="text/html;charset=utf-8" />
  <meta name='ocr-system' content='tesseract 3.04.00' />
  <meta name='ocr-capabilities' content='ocr_page ocr_carea ocr_par ocr_line ocrx_word'/>
</head>
<body>
  <div class='ocr_page' id='page_1' title='image "./syntaxispriscor02holtgoog_0081.png"; bbox 0 0 3090 4768; ppageno 0'>
   <div class='ocr_carea' id='block_1_1' title="bbox 208 171 925 234">
    <p class='ocr_par' dir='ltr' id='par_1_1' title="bbox 208 171 925 234">
     <span class='ocr_line' id='line_1_1' title="bbox 208 171 925 234; baseline 0.008 -30"><span class='ocrx_word' id='word_1_1' title='bbox 208 175 251 234; x_wconf 69' lang='lat'>62</span> <span class='ocrx_word' id='word_1_2' title='bbox 651 171 776 212; x_wconf 78' lang='lat' dir='ltr'>VERBUM.</span> <span class='ocrx_word' id='word_1_3' title='bbox 810 171 873 212; x_wconf 80' lang='lat' dir='ltr'>chP.</span> <span class='ocrx_word' id='word_1_4' title='bbox 887 171 925 210; x_wconf 77' lang='lat' dir='ltr'>xl.</span> 
     </span>
    </p>
   </div>
   <div class='ocr_carea' id='block_1_2' title="bbox 208 355 1362 443">
    <p class='ocr_par' dir='ltr' id='par_1_2' title="bbox 208 355 1362 443">
     <span class='ocr_line' id='line_1_2' title="bbox 208 355 1362 443; baseline 0.004 -23"><span class='ocrx_word' id='word_1_5' title='bbox 208 355 310 420; x_wconf 91' lang='lat' dir='ltr'>limite</span> <span class='ocrx_word' id='word_1_6' title='bbox 334 356 487 435; x_wconf 90' lang='lat' dir='ltr'>temporis</span> <span class='ocrx_word' id='word_1_7' title='bbox 508 355 608 421; x_wconf 86' lang='lat' dir='ltr'>futuri</span> <span class='ocrx_word' id='word_1_8' title='bbox 630 361 767 438; x_wconf 88' lang='lat' dir='ltr'>positum</span> <span class='ocrx_word' id='word_1_9' title='bbox 792 359 842 438; x_wconf 89' lang='lat' dir='ltr'>sit,</span> <span class='ocrx_word' id='word_1_10' title='bbox 865 358 1065 443; x_wconf 78' lang='lat' dir='ltr'>intelligitur,</span> <span class='ocrx_word' id='word_1_11' title='bbox 1089 359 1247 440; x_wconf 92' lang='lat' dir='ltr'>quomodo</span> <span class='ocrx_word' id='word_1_12' title='bbox 1264 360 1362 425; x_wconf 86' lang='lat' dir='ltr'>eliam</span> 
     </span>
    </p>
   </div>
   <div class='ocr_carea' id='block_1_3' title="bbox 190 451 1376 4285">
    <p class='ocr_par' dir='ltr' id='par_1_3' title="bbox 207 451 1363 631">
     <span class='ocr_line' id='line_1_3' title="bbox 207 451 1363 539; baseline 0.003 -21"><span class='ocrx_word' id='word_1_13' title='bbox 207 451 383 518; x_wconf 87' lang='lat' dir='ltr'>defuturo</span> <span class='ocrx_word' id='word_1_14' title='bbox 410 454 471 518; x_wconf 92' lang='lat' dir='ltr'>dici</span> <span class='ocrx_word' id='word_1_15' title='bbox 494 455 605 534; x_wconf 79' lang='lat' dir='ltr'>possit,</span> <span class='ocrx_word' id='word_1_16' title='bbox 629 458 818 538; x_wconf 82' lang='lat' dir='ltr'>praesertim</span> <span class='ocrx_word' id='word_1_17' title='bbox 842 457 869 522; x_wconf 92' lang='lat' dir='ltr'>si</span> <span class='ocrx_word' id='word_1_18' title='bbox 892 459 1033 522; x_wconf 80' lang='lat' dir='ltr'>actiones</span> <span class='ocrx_word' id='word_1_19' title='bbox 1056 455 1275 539; x_wconf 89' lang='lat' dir='ltr'>significantur</span> <span class='ocrx_word' id='word_1_20' title='bbox 1297 464 1363 522; x_wconf 89' lang='lat' dir='ltr'>sta·</span> 
     </span>
     <span class='ocr_line' id='line_1_4' title="bbox 207 545 962 631; baseline 0.009 -17"><span class='ocrx_word' id='word_1_21' title='bbox 207 545 264 614; x_wconf 90' lang='lat' dir='ltr'>tim</span> <span class='ocrx_word' id='word_1_22' title='bbox 289 569 325 616; x_wconf 87' lang='lat' dir='ltr'>ao</span> <span class='ocrx_word' id='word_1_23' title='bbox 349 551 498 616; x_wconf 84' lang='lat' dir='ltr'>celeriter</span> <span class='ocrx_word' id='word_1_24' title='bbox 521 550 740 631; x_wconf 86' lang='lat' dir='ltr'>perficiendae.</span> <span class='ocrx_word' id='word_1_25' title='bbox 960 570 962 574; x_wconf 86' lang='grc'><strong><em>·</em></strong></span> 
     </span>
    </p>

    <p class='ocr_par' dir='ltr' id='par_1_4' title="bbox 190 647 1376 4285">
     <span class='ocr_line' id='line_1_5' title="bbox 295 647 1361 732; baseline 0 -19"><span class='ocrx_word' id='word_1_26' title='bbox 295 649 397 715; x_wconf 86' lang='lat' dir='ltr'>Plaut.</span> <span class='ocrx_word' id='word_1_27' title='bbox 423 647 512 729; x_wconf 82' lang='lat' dir='ltr'>Cant.</span> <span class='ocrx_word' id='word_1_28' title='bbox 536 650 578 727; x_wconf 92' lang='grc' dir='ltr'>ΙΙ,</span> <span class='ocrx_word' id='word_1_29' title='bbox 605 657 631 726; x_wconf 90' lang='lat' dir='ltr'>l,</span> <span class='ocrx_word' id='word_1_30' title='bbox 656 657 709 718; x_wconf 85' lang='lat'>37:</span> <span class='ocrx_word' id='word_1_31' title='bbox 745 657 828 730; x_wconf 78' lang='lat' dir='ltr'>Quod</span> <span class='ocrx_word' id='word_1_32' title='bbox 855 657 970 732; x_wconf 89' lang='lat' dir='ltr'>volunt,</span> <span class='ocrx_word' id='word_1_33' title='bbox 1003 657 1071 715; x_wconf 91' lang='lat' dir='ltr'>dum</span> <span class='ocrx_word' id='word_1_34' title='bbox 1099 656 1259 728; x_wconf 78' lang='lat' dir='ltr'>impetrent</span> <span class='ocrx_word' id='word_1_35' title='bbox 1290 657 1361 722; x_wconf 83' lang='lat' dir='ltr'>Sibi,</span> 
     </span>
     <span class='ocr_line' id='line_1_6' title="bbox 208 748 1363 831; baseline 0.003 -21"><span class='ocrx_word' id='word_1_36' title='bbox 208 752 279 811; x_wconf 88' lang='lat' dir='ltr'>honi</span> <span class='ocrx_word' id='word_1_37' title='bbox 302 760 384 822; x_wconf 85' lang='lat' dir='ltr'>sunt,</span> <span class='ocrx_word' id='word_1_38' title='bbox 413 748 467 812; x_wconf 93' lang='lat' dir='ltr'>ubi</span> <span class='ocrx_word' id='word_1_39' title='bbox 489 748 570 814; x_wconf 86' lang='lat' dir='ltr'>falso</span> <span class='ocrx_word' id='word_1_40' title='bbox 593 751 703 816; x_wconf 81' lang='lat' dir='ltr'>hamb.</span> <span class='ocrx_word' id='word_1_41' title='bbox 726 754 970 831; x_wconf 72' lang='lat' dir='ltr'>praesensione.</span> <span class='ocrx_word' id='word_1_42' title='bbox 1000 748 1231 831; x_wconf 85' lang='lat' dir='ltr'>significatione</span> <span class='ocrx_word' id='word_1_43' title='bbox 1252 751 1363 815; x_wconf 89' lang='lat' dir='ltr'>incho-</span> 
     </span>
     <span class='ocr_line' id='line_1_7' title="bbox 207 845 1359 930; baseline 0.003 -22"><span class='ocrx_word' id='word_1_44' title='bbox 207 845 285 909; x_wconf 85' lang='lat' dir='ltr'>andi</span> <span class='ocrx_word' id='word_1_45' title='bbox 309 864 366 926; x_wconf 91' lang='lat' dir='ltr'>pro</span> <span class='ocrx_word' id='word_1_46' title='bbox 388 849 546 922; x_wconf 78' lang='lat' dir='ltr'>impetrare</span> <span class='ocrx_word' id='word_1_47' title='bbox 568 851 714 910; x_wconf 81' lang='lat' dir='ltr'>concolor</span> <span class='ocrx_word' id='word_1_48' title='bbox 741 850 878 930; x_wconf 90' lang='lat' dir='ltr'>positum</span> <span class='ocrx_word' id='word_1_49' title='bbox 906 849 1075 927; x_wconf 86' lang='lat' dir='ltr'>existimat,</span> <span class='ocrx_word' id='word_1_50' title='bbox 1097 855 1184 914; x_wconf 87' lang='lat' dir='ltr'>recte</span> <span class='ocrx_word' id='word_1_51' title='bbox 1200 849 1359 914; x_wconf 88' lang='lat' dir='ltr'>Lindem:</span> 
     </span>
     <span class='ocr_line' id='line_1_8' title="bbox 211 941 1363 1028; baseline 0.005 -24"><span class='ocrx_word' id='word_1_52' title='bbox 211 941 282 1015; x_wconf 73' lang='lat' dir='ltr'>,bie</span> <span class='ocrx_word' id='word_1_53' title='bbox 306 941 397 1023; x_wconf 73' lang='lat' dir='ltr'>botin</span> <span class='ocrx_word' id='word_1_54' title='bbox 423 957 481 1015; x_wconf 79' lang='lat' dir='ltr'>mc,</span> <span class='ocrx_word' id='word_1_55' title='bbox 505 942 573 1007; x_wconf 69' lang='lat' dir='ltr'>hiel</span> <span class='ocrx_word' id='word_1_56' title='bbox 600 946 745 1028; x_wconf 85' lang='lat' dir='ltr'>explicat.</span> <span class='ocrx_word' id='word_1_57' title='bbox 791 949 850 1012; x_wconf 84' lang='lat' dir='ltr'>Est</span> <span class='ocrx_word' id='word_1_58' title='bbox 872 948 951 1012; x_wconf 90' lang='lat' dir='ltr'>haec</span> <span class='ocrx_word' id='word_1_59' title='bbox 972 947 1132 1012; x_wconf 88' lang='lat' dir='ltr'>sententia</span> <span class='ocrx_word' id='word_1_60' title='bbox 1155 946 1314 1028; x_wconf 86' lang='lat' dir='ltr'>generalis</span> <span class='ocrx_word' id='word_1_61' title='bbox 1329 946 1363 1010; x_wconf 89' lang='lat' dir='ltr'>in</span> 
     </span>
     <span class='ocr_line' id='line_1_9' title="bbox 209 1043 1365 1126; baseline 0.003 -22"><span class='ocrx_word' id='word_1_62' title='bbox 209 1043 457 1122; x_wconf 81' lang='lat' dir='ltr'>omne&#39;tempus</span> <span class='ocrx_word' id='word_1_63' title='bbox 480 1043 608 1124; x_wconf 85' lang='lat' dir='ltr'>cadens,</span> <span class='ocrx_word' id='word_1_64' title='bbox 641 1045 679 1110; x_wconf 90' lang='lat' dir='ltr'>de</span> <span class='ocrx_word' id='word_1_65' title='bbox 703 1045 813 1124; x_wconf 92' lang='lat' dir='ltr'>quovis</span> <span class='ocrx_word' id='word_1_66' title='bbox 837 1052 980 1126; x_wconf 88' lang='lat' dir='ltr'>tempore</span> <span class='ocrx_word' id='word_1_67' title='bbox 1002 1061 1088 1108; x_wconf 85' lang='lat' dir='ltr'>vera.</span> <span class='ocrx_word' id='word_1_68' title='bbox 1133 1043 1229 1109; x_wconf 86' lang='lat' dir='ltr'>Stich.</span> <span class='ocrx_word' id='word_1_69' title='bbox 1253 1043 1307 1123; x_wconf 91' lang='lat' dir='ltr'>IV,</span> <span class='ocrx_word' id='word_1_70' title='bbox 1328 1050 1365 1124; x_wconf 73' lang='grc'>’1,</span> 
     </span>
     <span class='ocr_line' id='line_1_10' title="bbox 196 1131 1361 1224; baseline 0.002 -21"><span class='ocrx_word' id='word_1_71' title='bbox 196 1143 268 1204; x_wconf 56' lang='grc' dir='ltr'>ι231</span> <span class='ocrx_word' id='word_1_72' title='bbox 301 1160 385 1217; x_wconf 90' lang='lat' dir='ltr'>quam</span> <span class='ocrx_word' id='word_1_73' title='bbox 411 1143 517 1203; x_wconf 90' lang='lat' dir='ltr'>dudum</span> <span class='ocrx_word' id='word_1_74' title='bbox 541 1145 571 1202; x_wconf 93' lang='lat' dir='ltr'>in</span> <span class='ocrx_word' id='word_1_75' title='bbox 594 1151 710 1220; x_wconf 89' lang='lat' dir='ltr'>portum</span> <span class='ocrx_word' id='word_1_76' title='bbox 731 1145 833 1204; x_wconf 77' lang='lat' dir='ltr'>oculs?</span> <span class='ocrx_word' id='word_1_77' title='bbox 867 1144 921 1207; x_wconf 90' lang='lat' dir='ltr'>uhi</span> <span class='ocrx_word' id='word_1_78' title='bbox 944 1161 1002 1224; x_wconf 84' lang='lat' dir='ltr'>pen</span> <span class='ocrx_word' id='word_1_79' title='bbox 1025 1131 1186 1222; x_wconf 33' lang='lat' dir='ltr'>praesens*</span> <span class='ocrx_word' id='word_1_80' title='bbox 1201 1141 1234 1206; x_wconf 88' lang='lat' dir='ltr'>id</span> <span class='ocrx_word' id='word_1_81' title='bbox 1258 1142 1361 1222; x_wconf 82' lang='lat' dir='ltr'>expri-</span> 
     </span>
     <span class='ocr_line' id='line_1_11' title="bbox 211 1238 1363 1328; baseline 0.003 -28"><span class='ocrx_word' id='word_1_82' title='bbox 211 1239 318 1325; x_wconf 87' lang='lat' dir='ltr'>mitur,</span> <span class='ocrx_word' id='word_1_83' title='bbox 342 1240 426 1317; x_wconf 91' lang='lat' dir='ltr'>quod</span> <span class='ocrx_word' id='word_1_84' title='bbox 450 1238 598 1304; x_wconf 84' lang='lat' dir='ltr'>effectum</span> <span class='ocrx_word' id='word_1_85' title='bbox 621 1241 711 1328; x_wconf 89' lang='lat' dir='ltr'>quasi</span> <span class='ocrx_word' id='word_1_86' title='bbox 736 1251 784 1306; x_wconf 89' lang='lat' dir='ltr'>est</span> <span class='ocrx_word' id='word_1_87' title='bbox 807 1242 932 1306; x_wconf 84' lang='lat' dir='ltr'>actione</span> <span class='ocrx_word' id='word_1_88' title='bbox 954 1240 1109 1318; x_wconf 83' lang='lat' dir='ltr'>veniendi,</span> <span class='ocrx_word' id='word_1_89' title='bbox 1133 1245 1169 1304; x_wconf 87' lang='lat' dir='ltr'>ut</span> <span class='ocrx_word' id='word_1_90' title='bbox 1186 1241 1363 1320; x_wconf 84' lang='lat' dir='ltr'>comparari</span> 
     </span>
     <span class='ocr_line' id='line_1_12' title="bbox 208 1332 1361 1420; baseline 0.003 -21"><span class='ocrx_word' id='word_1_91' title='bbox 208 1337 312 1416; x_wconf 88' lang='lat' dir='ltr'>possit</span> <span class='ocrx_word' id='word_1_92' title='bbox 335 1355 405 1402; x_wconf 88' lang='lat' dir='ltr'>cum</span> <span class='ocrx_word' id='word_1_93' title='bbox 429 1336 625 1402; x_wconf 87' lang='lat' dir='ltr'>Graecorum</span> <span class='ocrx_word' id='word_1_94' title='bbox 648 1339 746 1404; x_wconf 85' lang='lat' dir='ltr'>verbo</span> <span class='ocrx_word' id='word_1_95' title='bbox 769 1332 843 1420; x_wconf 72' lang='grc' dir='ltr'><em>ἥκω,</em></span> <span class='ocrx_word' id='word_1_96' title='bbox 867 1340 906 1402; x_wconf 89' lang='lat' dir='ltr'>de</span> <span class='ocrx_word' id='word_1_97' title='bbox 930 1337 1063 1419; x_wconf 85' lang='lat' dir='ltr'>longiori</span> <span class='ocrx_word' id='word_1_98' title='bbox 1087 1336 1185 1418; x_wconf 87' lang='lat' dir='ltr'>igitur</span> <span class='ocrx_word' id='word_1_99' title='bbox 1208 1339 1361 1419; x_wconf 89' lang='lat' dir='ltr'>temporis</span> 
     </span>
     <span class='ocr_line' id='line_1_13' title="bbox 209 1428 1360 1514; baseline 0 -16"><span class='ocrx_word' id='word_1_100' title='bbox 209 1435 315 1514; x_wconf 86' lang='lat' dir='ltr'>spatio</span> <span class='ocrx_word' id='word_1_101' title='bbox 339 1434 457 1498; x_wconf 88' lang='lat' dir='ltr'>dictum</span> <span class='ocrx_word' id='word_1_102' title='bbox 482 1441 538 1498; x_wconf 87' lang='lat' dir='ltr'>ost.</span> <span class='ocrx_word' id='word_1_103' title='bbox 583 1435 704 1499; x_wconf 88' lang='lat' dir='ltr'>Eodem</span> <span class='ocrx_word' id='word_1_104' title='bbox 728 1438 821 1500; x_wconf 83' lang='lat' dir='ltr'>modo</span> <span class='ocrx_word' id='word_1_105' title='bbox 845 1435 939 1502; x_wconf 90' lang='lat' dir='ltr'>Truc.</span> <span class='ocrx_word' id='word_1_106' title='bbox 963 1436 1004 1513; x_wconf 91' lang='lat' dir='ltr'>H,</span> <span class='ocrx_word' id='word_1_107' title='bbox 1028 1428 1064 1514; x_wconf 70' lang='grc'>4,</span> <span class='ocrx_word' id='word_1_108' title='bbox 1081 1441 1114 1500; x_wconf 88' lang='lat'>8:</span> <span class='ocrx_word' id='word_1_109' title='bbox 1139 1438 1235 1510; x_wconf 81' lang='lat' dir='ltr'>Salve,</span> <span class='ocrx_word' id='word_1_110' title='bbox 1261 1441 1360 1498; x_wconf 86' lang='lat' dir='ltr'>hicine</span> 
     </span>
     <span class='ocr_line' id='line_1_14' title="bbox 211 1533 1362 1614; baseline 0.001 -21"><span class='ocrx_word' id='word_1_111' title='bbox 211 1536 297 1594; x_wconf 88' lang='lat' dir='ltr'>hodie</span> <span class='ocrx_word' id='word_1_112' title='bbox 322 1552 425 1611; x_wconf 84' lang='lat' dir='ltr'>cenas,</span> <span class='ocrx_word' id='word_1_113' title='bbox 454 1538 551 1595; x_wconf 86' lang='lat' dir='ltr'>salvos</span> <span class='ocrx_word' id='word_1_114' title='bbox 580 1553 665 1610; x_wconf 87' lang='lat' dir='ltr'>quom</span> <span class='ocrx_word' id='word_1_115' title='bbox 689 1537 829 1597; x_wconf 69' lang='lat' dir='ltr'>oceanis?</span> <span class='ocrx_word' id='word_1_116' title='bbox 873 1535 965 1614; x_wconf 79' lang='lat' dir='ltr'>Epiri.</span> <span class='ocrx_word' id='word_1_117' title='bbox 989 1533 1047 1612; x_wconf 91' lang='lat' dir='ltr'>III,</span> <span class='ocrx_word' id='word_1_118' title='bbox 1071 1540 1101 1613; x_wconf 81' lang='lat' dir='ltr'>d,</span> <span class='ocrx_word' id='word_1_119' title='bbox 1126 1537 1179 1596; x_wconf 79' lang='lat' dir='ltr'>hl:</span> <span class='ocrx_word' id='word_1_120' title='bbox 1214 1539 1280 1610; x_wconf 90' lang='lat' dir='ltr'>plus</span> <span class='ocrx_word' id='word_1_121' title='bbox 1304 1539 1362 1596; x_wconf 89' lang='lat' dir='ltr'>iam</span> 
     </span>
     <span class='ocr_line' id='line_1_15' title="bbox 212 1630 1362 1712; baseline 0 -20"><span class='ocrx_word' id='word_1_122' title='bbox 212 1635 307 1695; x_wconf 86' lang='lat' dir='ltr'>libera</span> <span class='ocrx_word' id='word_1_123' title='bbox 329 1651 394 1712; x_wconf 80' lang='lat' dir='ltr'>sum</span> <span class='ocrx_word' id='word_1_124' title='bbox 414 1635 655 1708; x_wconf 82' lang='lat' dir='ltr'>quinquennium.</span> <span class='ocrx_word' id='word_1_125' title='bbox 722 1631 786 1695; x_wconf 88' lang='lat' dir='ltr'>hlil.</span> <span class='ocrx_word' id='word_1_126' title='bbox 811 1630 870 1712; x_wconf 88' lang='lat' dir='ltr'>III,</span> <span class='ocrx_word' id='word_1_127' title='bbox 897 1639 922 1708; x_wconf 90' lang='lat' dir='ltr'>l,</span> <span class='ocrx_word' id='word_1_128' title='bbox 948 1637 1025 1697; x_wconf 85' lang='lat'>102:</span> <span class='ocrx_word' id='word_1_129' title='bbox 1060 1636 1120 1694; x_wconf 89' lang='lat' dir='ltr'>lam</span> <span class='ocrx_word' id='word_1_130' title='bbox 1144 1634 1362 1709; x_wconf 75' lang='lat' dir='ltr'>pridemquia</span> 
     </span>
     <span class='ocr_line' id='line_1_16' title="bbox 211 1729 1363 1810; baseline 0.002 -20"><span class='ocrx_word' id='word_1_131' title='bbox 211 1733 285 1790; x_wconf 87' lang='lat' dir='ltr'>nihil</span> <span class='ocrx_word' id='word_1_132' title='bbox 309 1734 476 1806; x_wconf 88' lang='lat' dir='ltr'>apstulerit,</span> <span class='ocrx_word' id='word_1_133' title='bbox 499 1735 647 1792; x_wconf 79' lang='lat' dir='ltr'>suscenset</span> <span class='ocrx_word' id='word_1_134' title='bbox 667 1735 787 1806; x_wconf 85' lang='lat' dir='ltr'>torania,</span> <span class='ocrx_word' id='word_1_135' title='bbox 812 1731 841 1794; x_wconf 93' lang='lat' dir='ltr'>h.</span> <span class='ocrx_word' id='word_1_136' title='bbox 864 1749 890 1794; x_wconf 93' lang='lat' dir='ltr'>e.</span> <span class='ocrx_word' id='word_1_137' title='bbox 912 1730 1116 1810; x_wconf 86' lang='lat' dir='ltr'>iampridem</span> <span class='ocrx_word' id='word_1_138' title='bbox 1134 1729 1313 1793; x_wconf 86' lang='lat' dir='ltr'>suscensuit</span> <span class='ocrx_word' id='word_1_139' title='bbox 1329 1735 1363 1792; x_wconf 87' lang='lat' dir='ltr'>et</span> 
     </span>
     <span class='ocr_line' id='line_1_17' title="bbox 211 1825 1361 1908; baseline -0.003 -18"><span class='ocrx_word' id='word_1_140' title='bbox 211 1846 293 1892; x_wconf 91' lang='lat' dir='ltr'>nuno</span> <span class='ocrx_word' id='word_1_141' title='bbox 323 1845 448 1908; x_wconf 90' lang='lat' dir='ltr'>quoque</span> <span class='ocrx_word' id='word_1_142' title='bbox 479 1836 651 1892; x_wconf 85' lang='lat' dir='ltr'>suscenset.</span> <span class='ocrx_word' id='word_1_143' title='bbox 697 1825 793 1892; x_wconf 91' lang='lat' dir='ltr'>Poen.</span> <span class='ocrx_word' id='word_1_144' title='bbox 827 1828 851 1907; x_wconf 93' lang='lat' dir='ltr'>I,</span> <span class='ocrx_word' id='word_1_145' title='bbox 883 1834 911 1906; x_wconf 80' lang='lat'>2,</span> <span class='ocrx_word' id='word_1_146' title='bbox 942 1835 976 1894; x_wconf 87' lang='lat'>9:</span> <span class='ocrx_word' id='word_1_147' title='bbox 1003 1831 1085 1889; x_wconf 84' lang='lat' dir='ltr'>&#39;Nam</span> <span class='ocrx_word' id='word_1_148' title='bbox 1115 1848 1169 1888; x_wconf 86' lang='lat' dir='ltr'>nos</span> <span class='ocrx_word' id='word_1_149' title='bbox 1199 1847 1292 1903; x_wconf 88' lang='lat' dir='ltr'>usqne</span> <span class='ocrx_word' id='word_1_150' title='bbox 1324 1830 1361 1888; x_wconf 85' lang='lat' dir='ltr'>ab</span> 
     </span>
     <span class='ocr_line' id='line_1_18' title="bbox 211 1929 1363 2003; baseline -0.001 -17"><span class='ocrx_word' id='word_1_151' title='bbox 211 1945 320 1987; x_wconf 89' lang='lat' dir='ltr'>aurora</span> <span class='ocrx_word' id='word_1_152' title='bbox 343 1929 379 1987; x_wconf 90' lang='lat' dir='ltr'>ad</span> <span class='ocrx_word' id='word_1_153' title='bbox 403 1930 458 1988; x_wconf 93' lang='lat' dir='ltr'>hoc</span> <span class='ocrx_word' id='word_1_154' title='bbox 482 1929 558 2003; x_wconf 90' lang='lat' dir='ltr'>quod</span> <span class='ocrx_word' id='word_1_155' title='bbox 583 1929 679 1998; x_wconf 88' lang='lat' dir='ltr'>dieist‚</span> <span class='ocrx_word' id='word_1_156' title='bbox 704 1930 749 1988; x_wconf 83' lang='lat' dir='ltr'>Er</span> <span class='ocrx_word' id='word_1_157' title='bbox 771 1929 917 1988; x_wconf 82' lang='lat' dir='ltr'>industria</span> <span class='ocrx_word' id='word_1_158' title='bbox 945 1929 1048 1988; x_wconf 88' lang='lat' dir='ltr'>ambae</span> <span class='ocrx_word' id='word_1_159' title='bbox 1072 1943 1227 2001; x_wconf 83' lang='lat' dir='ltr'>numquam</span> <span class='ocrx_word' id='word_1_160' title='bbox 1251 1941 1363 1986; x_wconf 81' lang='lat' dir='ltr'>conces·</span> 
     </span>
     <span class='ocr_line' id='line_1_19' title="bbox 208 2021 1362 2102; baseline -0.003 -17"><span class='ocrx_word' id='word_1_161' title='bbox 208 2041 311 2085; x_wconf 82' lang='lat' dir='ltr'>somus</span> <span class='ocrx_word' id='word_1_162' title='bbox 332 2027 443 2086; x_wconf 42' lang='lat' dir='ltr'>*Iravari</span> <span class='ocrx_word' id='word_1_163' title='bbox 471 2033 521 2085; x_wconf 89' lang='lat' dir='ltr'>aut</span> <span class='ocrx_word' id='word_1_164' title='bbox 547 2024 663 2098; x_wconf 88' lang='lat' dir='ltr'>fricari,</span> <span class='ocrx_word' id='word_1_165' title='bbox 691 2023 728 2087; x_wconf 84' lang='lat' dir='ltr'>ci.</span> <span class='ocrx_word' id='word_1_166' title='bbox 757 2022 883 2088; x_wconf 80' lang='lat' dir='ltr'>Terent.</span> <span class='ocrx_word' id='word_1_167' title='bbox 914 2024 972 2089; x_wconf 88' lang='lat' dir='ltr'>Ad.</span> <span class='ocrx_word' id='word_1_168' title='bbox 1001 2021 1063 2101; x_wconf 90' lang='lat' dir='ltr'>III,</span> <span class='ocrx_word' id='word_1_169' title='bbox 1092 2031 1120 2102; x_wconf 84' lang='lat'>3,</span> <span class='ocrx_word' id='word_1_170' title='bbox 1151 2028 1203 2092; x_wconf 92' lang='lat' dir='ltr'>ll:</span> <span class='ocrx_word' id='word_1_171' title='bbox 1239 2027 1362 2084; x_wconf 88' lang='lat' dir='ltr'>Omnem</span> 
     </span>
     <span class='ocr_line' id='line_1_20' title="bbox 210 2119 1362 2198; baseline -0.001 -15"><span class='ocrx_word' id='word_1_172' title='bbox 210 2142 273 2183; x_wconf 89' lang='lat' dir='ltr'>rem</span> <span class='ocrx_word' id='word_1_173' title='bbox 296 2125 381 2184; x_wconf 90' lang='lat' dir='ltr'>modo</span> <span class='ocrx_word' id='word_1_174' title='bbox 405 2125 468 2183; x_wconf 89' lang='lat' dir='ltr'>seni</span> <span class='ocrx_word' id='word_1_175' title='bbox 493 2125 556 2197; x_wconf 77' lang='lat' dir='ltr'>Quo</span> <span class='ocrx_word' id='word_1_176' title='bbox 580 2130 668 2198; x_wconf 86' lang='lat' dir='ltr'>pacto</span> <span class='ocrx_word' id='word_1_177' title='bbox 693 2125 817 2184; x_wconf 87' lang='lat' dir='ltr'>haberet</span> <span class='ocrx_word' id='word_1_178' title='bbox 840 2141 1016 2184; x_wconf 80' lang='lat' dir='ltr'>enarramus</span> <span class='ocrx_word' id='word_1_179' title='bbox 1039 2123 1151 2197; x_wconf 89' lang='lat' dir='ltr'>ordine,</span> <span class='ocrx_word' id='word_1_180' title='bbox 1185 2119 1224 2184; x_wconf 91' lang='lat' dir='ltr'>de</span> <span class='ocrx_word' id='word_1_181' title='bbox 1248 2119 1362 2198; x_wconf 82' lang='lat' dir='ltr'>quibus</span> 
     </span>
     <span class='ocr_line' id='line_1_21' title="bbox 210 2219 1361 2300; baseline -0.003 -18"><span class='ocrx_word' id='word_1_182' title='bbox 210 2219 287 2283; x_wconf 91' lang='lat' dir='ltr'>locis</span> <span class='ocrx_word' id='word_1_183' title='bbox 317 2219 387 2282; x_wconf 88' lang='lat' dir='ltr'>vide</span> <span class='ocrx_word' id='word_1_184' title='bbox 411 2219 606 2284; x_wconf 85' lang='lat' dir='ltr'>Fleckeisen.</span> <span class='ocrx_word' id='word_1_185' title='bbox 637 2220 670 2284; x_wconf 93' lang='lat' dir='ltr'>in</span> <span class='ocrx_word' id='word_1_186' title='bbox 692 2219 795 2284; x_wconf 90' lang='lat' dir='ltr'>Iahnii</span> <span class='ocrx_word' id='word_1_187' title='bbox 818 2220 922 2284; x_wconf 88' lang='lat' dir='ltr'>annal.</span> <span class='ocrx_word' id='word_1_188' title='bbox 950 2225 1041 2300; x_wconf 80' lang='grc'>11151,</span> <span class='ocrx_word' id='word_1_189' title='bbox 1071 2220 1131 2285; x_wconf 87' lang='lat' dir='ltr'>vol.</span> <span class='ocrx_word' id='word_1_190' title='bbox 1156 2223 1206 2296; x_wconf 88' lang='lat'>61,</span> <span class='ocrx_word' id='word_1_191' title='bbox 1230 2222 1307 2282; x_wconf 87' lang='lat' dir='ltr'>sect.</span> <span class='ocrx_word' id='word_1_192' title='bbox 1335 2223 1361 2293; x_wconf 89' lang='lat' dir='ltr'>l,</span> 
     </span>
     <span class='ocr_line' id='line_1_22' title="bbox 211 2316 1363 2400; baseline -0.005 -18"><span class='ocrx_word' id='word_1_193' title='bbox 211 2337 242 2400; x_wconf 85' lang='lat' dir='ltr'>p.</span> <span class='ocrx_word' id='word_1_194' title='bbox 267 2323 317 2382; x_wconf 84' lang='lat'>65.</span> <span class='ocrx_word' id='word_1_195' title='bbox 362 2317 466 2382; x_wconf 84' lang='lat' dir='ltr'>Plaut.</span> <span class='ocrx_word' id='word_1_196' title='bbox 489 2316 603 2383; x_wconf 86' lang='lat' dir='ltr'>Pseud.</span> <span class='ocrx_word' id='word_1_197' title='bbox 626 2317 669 2398; x_wconf 91' lang='lat' dir='ltr'>II,</span> <span class='ocrx_word' id='word_1_198' title='bbox 693 2323 722 2396; x_wconf 85' lang='lat'>2,</span> <span class='ocrx_word' id='word_1_199' title='bbox 747 2323 800 2382; x_wconf 81' lang='lat'>34:</span> <span class='ocrx_word' id='word_1_200' title='bbox 824 2321 900 2380; x_wconf 89' lang='lat' dir='ltr'>Dum</span> <span class='ocrx_word' id='word_1_201' title='bbox 924 2328 954 2380; x_wconf 90' lang='lat' dir='ltr'>te</span> <span class='ocrx_word' id='word_1_202' title='bbox 977 2325 1126 2386; x_wconf 65' lang='lat' dir='ltr'>secretas,</span> <span class='ocrx_word' id='word_1_203' title='bbox 1150 2320 1209 2378; x_wconf 87' lang='lat' dir='ltr'>Ros</span> <span class='ocrx_word' id='word_1_204' title='bbox 1233 2321 1291 2379; x_wconf 90' lang='lat' dir='ltr'>erit</span> <span class='ocrx_word' id='word_1_205' title='bbox 1315 2335 1363 2377; x_wconf 87' lang='lat' dir='ltr'>so·</span> 
     </span>
     <span class='ocr_line' id='line_1_23' title="bbox 211 2415 1366 2496; baseline -0.004 -18"><span class='ocrx_word' id='word_1_206' title='bbox 211 2423 284 2480; x_wconf 88' lang='lat' dir='ltr'>luta.</span> <span class='ocrx_word' id='word_1_207' title='bbox 330 2417 425 2479; x_wconf 88' lang='lat' dir='ltr'>Poen.</span> <span class='ocrx_word' id='word_1_208' title='bbox 449 2416 529 2496; x_wconf 88' lang='lat' dir='ltr'>prol.</span> <span class='ocrx_word' id='word_1_209' title='bbox 554 2435 581 2480; x_wconf 86' lang='lat' dir='ltr'>v,</span> <span class='ocrx_word' id='word_1_210' title='bbox 605 2423 660 2480; x_wconf 83' lang='lat'>41:</span> <span class='ocrx_word' id='word_1_211' title='bbox 698 2419 781 2478; x_wconf 83' lang='lat' dir='ltr'>Dum</span> <span class='ocrx_word' id='word_1_212' title='bbox 803 2419 865 2478; x_wconf 88' lang='lat' dir='ltr'>ludi</span> <span class='ocrx_word' id='word_1_213' title='bbox 885 2419 969 2492; x_wconf 71' lang='lat' dir='ltr'>ficut,</span> <span class='ocrx_word' id='word_1_214' title='bbox 993 2421 1023 2478; x_wconf 91' lang='lat' dir='ltr'>in</span> <span class='ocrx_word' id='word_1_215' title='bbox 1046 2419 1185 2493; x_wconf 87' lang='lat' dir='ltr'>popinam</span> <span class='ocrx_word' id='word_1_216' title='bbox 1208 2415 1366 2490; x_wconf 83' lang='lat' dir='ltr'>pedisequi</span> 
     </span>
     <span class='ocr_line' id='line_1_24' title="bbox 212 2513 1366 2592; baseline -0.005 -16"><span class='ocrx_word' id='word_1_217' title='bbox 212 2517 410 2591; x_wconf 91' lang='lat' dir='ltr'>Irruptionem</span> <span class='ocrx_word' id='word_1_218' title='bbox 439 2514 547 2589; x_wconf 86' lang='lat' dir='ltr'>tacite,</span> <span class='ocrx_word' id='word_1_219' title='bbox 578 2535 655 2576; x_wconf 89' lang='lat' dir='ltr'>nunc</span> <span class='ocrx_word' id='word_1_220' title='bbox 685 2535 771 2590; x_wconf 86' lang='lat' dir='ltr'>quom</span> <span class='ocrx_word' id='word_1_221' title='bbox 795 2517 956 2592; x_wconf 83' lang='lat' dir='ltr'>occasiost,</span> <span class='ocrx_word' id='word_1_222' title='bbox 988 2518 1087 2592; x_wconf 87' lang='lat' dir='ltr'>Nunc,</span> <span class='ocrx_word' id='word_1_223' title='bbox 1118 2516 1270 2574; x_wconf 87' lang='lat' dir='ltr'>scriblitae</span> <span class='ocrx_word' id='word_1_224' title='bbox 1294 2513 1366 2572; x_wconf 80' lang='lat' dir='ltr'>dum</span> 
     </span>
     <span class='ocr_line' id='line_1_25' title="bbox 209 2611 1365 2690; baseline 0 -18"><span class='ocrx_word' id='word_1_225' title='bbox 209 2618 358 2680; x_wconf 76' lang='lat' dir='ltr'>aestuant,</span> <span class='ocrx_word' id='word_1_226' title='bbox 381 2615 541 2690; x_wconf 86' lang='lat' dir='ltr'>adcurrite,</span> <span class='ocrx_word' id='word_1_227' title='bbox 566 2612 619 2676; x_wconf 89' lang='lat' dir='ltr'>ubi</span> <span class='ocrx_word' id='word_1_228' title='bbox 643 2613 824 2690; x_wconf 88' lang='lat' dir='ltr'>praesentia</span> <span class='ocrx_word' id='word_1_229' title='bbox 847 2629 918 2674; x_wconf 92' lang='lat' dir='ltr'>cum</span> <span class='ocrx_word' id='word_1_230' title='bbox 941 2615 1011 2672; x_wconf 79' lang='lat' dir='ltr'>dom</span> <span class='ocrx_word' id='word_1_231' title='bbox 1034 2611 1200 2675; x_wconf 85' lang='lat' dir='ltr'>coniuncta</span> <span class='ocrx_word' id='word_1_232' title='bbox 1223 2611 1365 2674; x_wconf 86' lang='lat' dir='ltr'>actiones</span> 
     </span>
     <span class='ocr_line' id='line_1_26' title="bbox 211 2705 1364 2790; baseline 0 -20"><span class='ocrx_word' id='word_1_233' title='bbox 211 2709 364 2773; x_wconf 86' lang='lat' dir='ltr'>durantes</span> <span class='ocrx_word' id='word_1_234' title='bbox 388 2726 533 2790; x_wconf 88' lang='lat' dir='ltr'>quaeque</span> <span class='ocrx_word' id='word_1_235' title='bbox 557 2711 665 2774; x_wconf 89' lang='lat' dir='ltr'>eodem</span> <span class='ocrx_word' id='word_1_236' title='bbox 690 2714 833 2788; x_wconf 86' lang='lat' dir='ltr'>tempore</span> <span class='ocrx_word' id='word_1_237' title='bbox 849 2727 921 2774; x_wconf 91' lang='lat' dir='ltr'>cum</span> <span class='ocrx_word' id='word_1_238' title='bbox 937 2708 1046 2772; x_wconf 86' lang='lat' dir='ltr'>alteris</span> <span class='ocrx_word' id='word_1_239' title='bbox 1061 2706 1151 2786; x_wconf 90' lang='lat' dir='ltr'>fiunt,</span> <span class='ocrx_word' id='word_1_240' title='bbox 1175 2705 1364 2786; x_wconf 81' lang='lat' dir='ltr'>significant</span> 
     </span>
     <span class='ocr_line' id='line_1_27' title="bbox 211 2806 1362 2886; baseline -0.003 -16"><span class='ocrx_word' id='word_1_241' title='bbox 211 2807 260 2870; x_wconf 89' lang='lat' dir='ltr'>De</span> <span class='ocrx_word' id='word_1_242' title='bbox 283 2808 406 2871; x_wconf 91' lang='lat' dir='ltr'>actione</span> <span class='ocrx_word' id='word_1_243' title='bbox 430 2809 557 2886; x_wconf 86' lang='lat' dir='ltr'>saepius</span> <span class='ocrx_word' id='word_1_244' title='bbox 579 2807 718 2886; x_wconf 87' lang='lat' dir='ltr'>repetita</span> <span class='ocrx_word' id='word_1_245' title='bbox 741 2807 832 2871; x_wconf 83' lang='lat' dir='ltr'>Truc.</span> <span class='ocrx_word' id='word_1_246' title='bbox 857 2806 898 2882; x_wconf 92' lang='grc' dir='ltr'>ΙΙ,</span> <span class='ocrx_word' id='word_1_247' title='bbox 924 2811 1030 2885; x_wconf 67' lang='lat' dir='ltr'>hen:</span> <span class='ocrx_word' id='word_1_248' title='bbox 1056 2811 1122 2882; x_wconf 79' lang='lat' dir='ltr'>eui,</span> <span class='ocrx_word' id='word_1_249' title='bbox 1146 2809 1195 2867; x_wconf 87' lang='lat' dir='ltr'>uhi</span> <span class='ocrx_word' id='word_1_250' title='bbox 1216 2825 1362 2883; x_wconf 84' lang='lat' dir='ltr'>quamque</span> 
     </span>
     <span class='ocr_line' id='line_1_28' title="bbox 211 2902 1368 2983; baseline 0.002 -19"><span class='ocrx_word' id='word_1_251' title='bbox 211 2916 381 2966; x_wconf 87' lang='lat' dir='ltr'>nostrarum</span> <span class='ocrx_word' id='word_1_252' title='bbox 403 2909 482 2966; x_wconf 76' lang='lat' dir='ltr'>oldut</span> <span class='ocrx_word' id='word_1_253' title='bbox 503 2927 595 2983; x_wconf 90' lang='lat' dir='ltr'>prope</span> <span class='ocrx_word' id='word_1_254' title='bbox 621 2910 712 2981; x_wconf 90' lang='lat' dir='ltr'>aedis,</span> <span class='ocrx_word' id='word_1_255' title='bbox 736 2913 809 2970; x_wconf 85' lang='lat' dir='ltr'>cett.</span> <span class='ocrx_word' id='word_1_256' title='bbox 848 2907 971 2971; x_wconf 86' lang='lat' dir='ltr'>Terent.</span> <span class='ocrx_word' id='word_1_257' title='bbox 994 2906 1091 2968; x_wconf 84' lang='lat' dir='ltr'>Andr.</span> <span class='ocrx_word' id='word_1_258' title='bbox 1116 2902 1158 2978; x_wconf 93' lang='grc' dir='ltr'>ΙΙ,</span> <span class='ocrx_word' id='word_1_259' title='bbox 1185 2907 1211 2982; x_wconf 90' lang='lat' dir='ltr'>l,</span> <span class='ocrx_word' id='word_1_260' title='bbox 1237 2907 1270 2966; x_wconf 87' lang='lat'>9:</span> <span class='ocrx_word' id='word_1_261' title='bbox 1304 2908 1368 2966; x_wconf 45' lang='lat' dir='ltr'>Fam</span> 
     </span>
     <span class='ocr_line' id='line_1_29' title="bbox 211 3003 1376 3082; baseline 0.003 -18"><span class='ocrx_word' id='word_1_262' title='bbox 211 3007 270 3064; x_wconf 85' lang='lat' dir='ltr'>cile</span> <span class='ocrx_word' id='word_1_263' title='bbox 301 3024 415 3074; x_wconf 91' lang='lat' dir='ltr'>omnes,</span> <span class='ocrx_word' id='word_1_264' title='bbox 445 3015 530 3082; x_wconf 86' lang='lat' dir='ltr'>quom</span> <span class='ocrx_word' id='word_1_265' title='bbox 553 3008 697 3074; x_wconf 80' lang='lat' dir='ltr'>colemus,</span> <span class='ocrx_word' id='word_1_266' title='bbox 726 3012 812 3066; x_wconf 86' lang='lat' dir='ltr'>recta</span> <span class='ocrx_word' id='word_1_267' title='bbox 839 3008 963 3067; x_wconf 84' lang='lat' dir='ltr'>consilia</span> <span class='ocrx_word' id='word_1_268' title='bbox 991 3006 1120 3079; x_wconf 85' lang='lat' dir='ltr'>aegrotis</span> <span class='ocrx_word' id='word_1_269' title='bbox 1143 3006 1248 3065; x_wconf 77' lang='lat' dir='ltr'>donnas</span> <span class='ocrx_word' id='word_1_270' title='bbox 1271 3003 1312 3080; x_wconf 82' lang='lat' dir='ltr'>(h.</span> <span class='ocrx_word' id='word_1_271' title='bbox 1337 3021 1376 3068; x_wconf 88' lang='lat' dir='ltr'>e.-</span> 
     </span>
     <span class='ocr_line' id='line_1_30' title="bbox 190 3101 1365 3186; baseline 0 -22"><span class='ocrx_word' id='word_1_272' title='bbox 190 3101 354 3166; x_wconf 81' lang='lat' dir='ltr'>&#39;solemus</span> <span class='ocrx_word' id='word_1_273' title='bbox 384 3103 484 3186; x_wconf 87' lang='lat' dir='ltr'>dare).</span> <span class='ocrx_word' id='word_1_274' title='bbox 529 3102 664 3184; x_wconf 86' lang='lat' dir='ltr'>Adelph.</span> <span class='ocrx_word' id='word_1_275' title='bbox 688 3101 748 3182; x_wconf 90' lang='lat' dir='ltr'>Ill,</span> <span class='ocrx_word' id='word_1_276' title='bbox 770 3107 798 3181; x_wconf 88' lang='lat'>3,</span> <span class='ocrx_word' id='word_1_277' title='bbox 822 3107 877 3166; x_wconf 82' lang='lat'>26:</span> <span class='ocrx_word' id='word_1_278' title='bbox 911 3106 953 3163; x_wconf 82' lang='lat' dir='ltr'>Et</span> <span class='ocrx_word' id='word_1_279' title='bbox 974 3105 1067 3162; x_wconf 83' lang='lat' dir='ltr'>clamo</span> <span class='ocrx_word' id='word_1_280' title='bbox 1098 3121 1200 3178; x_wconf 85' lang='lat' dir='ltr'>saepe,</span> <span class='ocrx_word' id='word_1_281' title='bbox 1234 3101 1274 3164; x_wconf 90' lang='lat' dir='ltr'>de</span> <span class='ocrx_word' id='word_1_282' title='bbox 1302 3118 1365 3181; x_wconf 92' lang='lat' dir='ltr'>quo</span> 
     </span>
     <span class='ocr_line' id='line_1_31' title="bbox 212 3197 1364 3280; baseline 0 -18"><span class='ocrx_word' id='word_1_283' title='bbox 212 3197 281 3263; x_wconf 88' lang='lat' dir='ltr'>loco</span> <span class='ocrx_word' id='word_1_284' title='bbox 304 3199 445 3264; x_wconf 89' lang='lat' dir='ltr'>Perizon.</span> <span class='ocrx_word' id='word_1_285' title='bbox 471 3200 510 3264; x_wconf 86' lang='lat' dir='ltr'>ed</span> <span class='ocrx_word' id='word_1_286' title='bbox 534 3200 640 3265; x_wconf 85' lang='lat' dir='ltr'>Sanct</span> <span class='ocrx_word' id='word_1_287' title='bbox 663 3199 739 3264; x_wconf 89' lang='lat' dir='ltr'>Min.</span> <span class='ocrx_word' id='word_1_288' title='bbox 764 3219 793 3280; x_wconf 86' lang='lat' dir='ltr'>p.</span> <span class='ocrx_word' id='word_1_289' title='bbox 818 3206 872 3265; x_wconf 86' lang='lat'>97:</span> <span class='ocrx_word' id='word_1_290' title='bbox 899 3199 1074 3279; x_wconf 85' lang='lat' dir='ltr'>„Praesens</span> <span class='ocrx_word' id='word_1_291' title='bbox 1095 3198 1173 3263; x_wconf 87' lang='lat' dir='ltr'>illud</span> <span class='ocrx_word' id='word_1_292' title='bbox 1197 3201 1289 3260; x_wconf 85' lang='lat' dir='ltr'>clamo</span> <span class='ocrx_word' id='word_1_293' title='bbox 1312 3215 1364 3262; x_wconf 94' lang='lat' dir='ltr'>re-</span> 
     </span>
     <span class='ocr_line' id='line_1_32' title="bbox 211 3295 1366 3379; baseline 0 -20"><span class='ocrx_word' id='word_1_294' title='bbox 211 3295 315 3361; x_wconf 80' lang='lat' dir='ltr'>fertur</span> <span class='ocrx_word' id='word_1_295' title='bbox 337 3299 376 3362; x_wconf 87' lang='lat' dir='ltr'>ad</span> <span class='ocrx_word' id='word_1_296' title='bbox 400 3301 541 3363; x_wconf 84' lang='lat' dir='ltr'>diversos</span> <span class='ocrx_word' id='word_1_297' title='bbox 564 3298 736 3379; x_wconf 85' lang='lat' dir='ltr'>praeteriti</span> <span class='ocrx_word' id='word_1_298' title='bbox 754 3298 907 3377; x_wconf 90' lang='lat' dir='ltr'>temporis</span> <span class='ocrx_word' id='word_1_299' title='bbox 930 3295 1049 3360; x_wconf 81' lang='lat' dir='ltr'>actus“</span> <span class='ocrx_word' id='word_1_300' title='bbox 1089 3296 1277 3362; x_wconf 86' lang='lat' dir='ltr'>Addendum</span> <span class='ocrx_word' id='word_1_301' title='bbox 1295 3299 1366 3360; x_wconf 89' lang='lat' dir='ltr'>erat</span> 
     </span>
     <span class='ocr_line' id='line_1_33' title="bbox 213 3393 1363 3476; baseline -0.001 -18"><span class='ocrx_word' id='word_1_302' title='bbox 213 3395 307 3458; x_wconf 84' lang='lat' dir='ltr'>sinrul</span> <span class='ocrx_word' id='word_1_303' title='bbox 339 3397 435 3460; x_wconf 88' lang='lat' dir='ltr'>etiam</span> <span class='ocrx_word' id='word_1_304' title='bbox 464 3397 503 3460; x_wconf 87' lang='lat' dir='ltr'>ad</span> <span class='ocrx_word' id='word_1_305' title='bbox 531 3412 682 3476; x_wconf 85' lang='lat' dir='ltr'>praesens</span> <span class='ocrx_word' id='word_1_306' title='bbox 712 3401 840 3474; x_wconf 88' lang='lat' dir='ltr'>tempus</span> <span class='ocrx_word' id='word_1_307' title='bbox 861 3393 982 3458; x_wconf 85' lang='lat' dir='ltr'>referri.</span> <span class='ocrx_word' id='word_1_308' title='bbox 1028 3393 1180 3459; x_wconf 83' lang='lat' dir='ltr'>Similiter</span> <span class='ocrx_word' id='word_1_309' title='bbox 1202 3395 1283 3458; x_wconf 87' lang='lat' dir='ltr'>Eun.</span> <span class='ocrx_word' id='word_1_310' title='bbox 1307 3393 1363 3474; x_wconf 87' lang='lat' dir='ltr'>IV,</span> 
     </span>
     <span class='ocr_line' id='line_1_34' title="bbox 213 3495 1365 3572; baseline -0.002 -16"><span class='ocrx_word' id='word_1_311' title='bbox 213 3498 243 3569; x_wconf 86' lang='grc'>6,</span> <span class='ocrx_word' id='word_1_312' title='bbox 269 3499 286 3556; x_wconf 84' lang='grc'>7</span> <span class='ocrx_word' id='word_1_313' title='bbox 310 3511 370 3572; x_wconf 78' lang='lat' dir='ltr'>sq:</span> <span class='ocrx_word' id='word_1_314' title='bbox 395 3499 462 3557; x_wconf 90' lang='lat' dir='ltr'>dum</span> <span class='ocrx_word' id='word_1_315' title='bbox 486 3499 540 3556; x_wconf 91' lang='lat' dir='ltr'>tibi</span> <span class='ocrx_word' id='word_1_316' title='bbox 564 3515 696 3558; x_wconf 86' lang='lat' dir='ltr'>sororem</span> <span class='ocrx_word' id='word_1_317' title='bbox 718 3497 818 3556; x_wconf 83' lang='lat' dir='ltr'>studeo</span> <span class='ocrx_word' id='word_1_318' title='bbox 843 3497 989 3566; x_wconf 82' lang='lat' dir='ltr'>Reddere,</span> <span class='ocrx_word' id='word_1_319' title='bbox 1008 3527 1044 3537; x_wconf 97' lang='lat'><em>-</em></span> <span class='ocrx_word' id='word_1_320' title='bbox 1069 3497 1143 3554; x_wconf 88' lang='lat' dir='ltr'>haec</span> <span class='ocrx_word' id='word_1_321' title='bbox 1166 3502 1254 3569; x_wconf 88' lang='lat' dir='ltr'>atque</span> <span class='ocrx_word' id='word_1_322' title='bbox 1278 3495 1365 3554; x_wconf 86' lang='lat' dir='ltr'>huius</span> 
     </span>
     <span class='ocr_line' id='line_1_35' title="bbox 214 3590 1365 3671; baseline 0.001 -20"><span class='ocrx_word' id='word_1_323' title='bbox 214 3595 291 3654; x_wconf 90' lang='lat' dir='ltr'>modi</span> <span class='ocrx_word' id='word_1_324' title='bbox 322 3614 385 3654; x_wconf 90' lang='lat' dir='ltr'>sum</span> <span class='ocrx_word' id='word_1_325' title='bbox 416 3601 509 3660; x_wconf 89' lang='lat' dir='ltr'>multa</span> <span class='ocrx_word' id='word_1_326' title='bbox 534 3613 637 3670; x_wconf 85' lang='lat' dir='ltr'>passa,</span> <span class='ocrx_word' id='word_1_327' title='bbox 667 3595 766 3656; x_wconf 83' lang='lat' dir='ltr'>studeo</span> <span class='ocrx_word' id='word_1_328' title='bbox 795 3609 856 3654; x_wconf 92' lang='lat' dir='ltr'>non</span> <span class='ocrx_word' id='word_1_329' title='bbox 884 3591 934 3655; x_wconf 83' lang='lat' dir='ltr'>est</span> <span class='ocrx_word' id='word_1_330' title='bbox 956 3609 1013 3671; x_wconf 89' lang='lat' dir='ltr'>pro</span> <span class='ocrx_word' id='word_1_331' title='bbox 1041 3590 1175 3670; x_wconf 86' lang='lat' dir='ltr'>simplici</span> <span class='ocrx_word' id='word_1_332' title='bbox 1203 3591 1365 3670; x_wconf 84' lang='lat' dir='ltr'>praesenti</span> 
     </span>
     <span class='ocr_line' id='line_1_36' title="bbox 213 3687 1366 3772; baseline 0 -20"><span class='ocrx_word' id='word_1_333' title='bbox 213 3690 365 3755; x_wconf 89' lang='lat' dir='ltr'>historico</span> <span class='ocrx_word' id='word_1_334' title='bbox 389 3692 615 3772; x_wconf 88' lang='lat' dir='ltr'>accipiendum,</span> <span class='ocrx_word' id='word_1_335' title='bbox 641 3691 696 3756; x_wconf 90' lang='lat' dir='ltr'>sed</span> <span class='ocrx_word' id='word_1_336' title='bbox 720 3691 780 3755; x_wconf 89' lang='lat' dir='ltr'>hoc</span> <span class='ocrx_word' id='word_1_337' title='bbox 803 3687 960 3771; x_wconf 88' lang='lat' dir='ltr'>significat</span> <span class='ocrx_word' id='word_1_338' title='bbox 976 3688 1080 3765; x_wconf 85' lang='lat' dir='ltr'>Thais,</span> <span class='ocrx_word' id='word_1_339' title='bbox 1104 3707 1138 3752; x_wconf 90' lang='lat' dir='ltr'>se</span> <span class='ocrx_word' id='word_1_340' title='bbox 1162 3687 1366 3752; x_wconf 85' lang='lat' dir='ltr'>etiamnunc</span> 
     </span>
     <span class='ocr_line' id='line_1_37' title="bbox 212 3787 1366 3868; baseline -0.006 -16"><span class='ocrx_word' id='word_1_341' title='bbox 212 3787 353 3852; x_wconf 87' lang='lat' dir='ltr'>studere.</span> <span class='ocrx_word' id='word_1_342' title='bbox 385 3789 513 3853; x_wconf 88' lang='lat' dir='ltr'>Phorm.</span> <span class='ocrx_word' id='word_1_343' title='bbox 523 3790 547 3868; x_wconf 92' lang='grc' dir='ltr'>Ι,</span> <span class='ocrx_word' id='word_1_344' title='bbox 559 3795 586 3868; x_wconf 88' lang='lat'>3,</span> <span class='ocrx_word' id='word_1_345' title='bbox 597 3795 630 3853; x_wconf 84' lang='lat'>8:</span> <span class='ocrx_word' id='word_1_346' title='bbox 648 3798 689 3852; x_wconf 86' lang='lat' dir='ltr'>At</span> <span class='ocrx_word' id='word_1_347' title='bbox 701 3810 758 3852; x_wconf 94' lang='lat' dir='ltr'>non</span> <span class='ocrx_word' id='word_1_348' title='bbox 769 3793 918 3851; x_wconf 90' lang='lat' dir='ltr'>cotidiana</span> <span class='ocrx_word' id='word_1_349' title='bbox 931 3808 1002 3850; x_wconf 87' lang='lat' dir='ltr'>cura</span> <span class='ocrx_word' id='word_1_350' title='bbox 1015 3791 1088 3849; x_wconf 91' lang='lat' dir='ltr'>haec</span> <span class='ocrx_word' id='word_1_351' title='bbox 1101 3795 1225 3862; x_wconf 87' lang='lat' dir='ltr'>angeret</span> <span class='ocrx_word' id='word_1_352' title='bbox 1236 3790 1366 3846; x_wconf 91' lang='lat' dir='ltr'>animum</span> 
     </span>
     <span class='ocr_line' id='line_1_38' title="bbox 213 3883 1366 3965; baseline -0.003 -17"><span class='ocrx_word' id='word_1_353' title='bbox 213 3921 255 3930; x_wconf 87' lang='lat'>-</span> <span class='ocrx_word' id='word_1_354' title='bbox 280 3891 347 3948; x_wconf 92' lang='lat' dir='ltr'>dum</span> <span class='ocrx_word' id='word_1_355' title='bbox 371 3895 484 3962; x_wconf 77' lang='lat' dir='ltr'>expecto</span> <span class='ocrx_word' id='word_1_356' title='bbox 508 3907 591 3964; x_wconf 86' lang='lat' dir='ltr'>qnam</span> <span class='ocrx_word' id='word_1_357' title='bbox 616 3907 683 3953; x_wconf 82' lang='lat' dir='ltr'>nncx</span> <span class='ocrx_word' id='word_1_358' title='bbox 706 3893 805 3950; x_wconf 85' lang='lat' dir='ltr'>veniat</span> <span class='ocrx_word' id='word_1_359' title='bbox 828 3891 900 3951; x_wconf 81' lang='lat' dir='ltr'>cett.</span> <span class='ocrx_word' id='word_1_360' title='bbox 929 3885 1089 3965; x_wconf 87' lang='lat' dir='ltr'>Imprimis</span> <span class='ocrx_word' id='word_1_361' title='bbox 1113 3903 1184 3950; x_wconf 89' lang='lat' dir='ltr'>eum</span> <span class='ocrx_word' id='word_1_362' title='bbox 1207 3883 1366 3963; x_wconf 82' lang='lat' dir='ltr'>particula</span> 
     </span>
     <span class='ocr_line' id='line_1_39' title="bbox 206 3981 1365 4064; baseline 0 -17"><span class='ocrx_word' id='word_1_363' title='bbox 206 3993 368 4062; x_wconf 80' lang='lat' dir='ltr'>postquam</span> <span class='ocrx_word' id='word_1_364' title='bbox 401 3988 603 4050; x_wconf 88' lang='lat' dir='ltr'>coniunctum</span> <span class='ocrx_word' id='word_1_365' title='bbox 638 4002 789 4064; x_wconf 88' lang='lat' dir='ltr'>praesens</span> <span class='ocrx_word' id='word_1_366' title='bbox 824 3985 863 4048; x_wconf 93' lang='lat' dir='ltr'>de</span> <span class='ocrx_word' id='word_1_367' title='bbox 896 3984 1038 4064; x_wconf 87' lang='lat' dir='ltr'>longiore</span> <span class='ocrx_word' id='word_1_368' title='bbox 1072 3983 1224 4062; x_wconf 87' lang='lat' dir='ltr'>temporis</span> <span class='ocrx_word' id='word_1_369' title='bbox 1260 3981 1365 4061; x_wconf 87' lang='lat' dir='ltr'>spatio</span> 
     </span>
     <span class='ocr_line' id='line_1_40' title="bbox 213 4079 1368 4163; baseline -0.003 -17"><span class='ocrx_word' id='word_1_370' title='bbox 213 4083 344 4163; x_wconf 84' lang='lat' dir='ltr'>dicitur,</span> <span class='ocrx_word' id='word_1_371' title='bbox 367 4085 458 4163; x_wconf 59' lang='lat' dir='ltr'>‘quod</span> <span class='ocrx_word' id='word_1_372' title='bbox 481 4100 582 4161; x_wconf 89' lang='lat' dir='ltr'>usque</span> <span class='ocrx_word' id='word_1_373' title='bbox 606 4083 646 4147; x_wconf 88' lang='lat' dir='ltr'>ad</span> <span class='ocrx_word' id='word_1_374' title='bbox 668 4100 819 4162; x_wconf 87' lang='lat' dir='ltr'>praesens</span> <span class='ocrx_word' id='word_1_375' title='bbox 843 4087 968 4161; x_wconf 89' lang='lat' dir='ltr'>tempus</span> <span class='ocrx_word' id='word_1_376' title='bbox 991 4081 1174 4162; x_wconf 85' lang='lat' dir='ltr'>porrigitur,</span> <span class='ocrx_word' id='word_1_377' title='bbox 1197 4080 1243 4143; x_wconf 91' lang='lat' dir='ltr'>ita</span> <span class='ocrx_word' id='word_1_378' title='bbox 1264 4087 1302 4142; x_wconf 91' lang='lat' dir='ltr'>ut</span> <span class='ocrx_word' id='word_1_379' title='bbox 1323 4079 1368 4144; x_wconf 90' lang='lat' dir='ltr'>si·</span> 
     </span>
     <span class='ocr_line' id='line_1_41' title="bbox 215 4177 1367 4285; baseline -0.002 -41"><span class='ocrx_word' id='word_1_380' title='bbox 215 4181 280 4244; x_wconf 93' lang='lat' dir='ltr'>mul</span> <span class='ocrx_word' id='word_1_381' title='bbox 310 4183 517 4285; x_wconf 53' lang='lat' dir='ltr'>praeteritum</span> <span class='ocrx_word' id='word_1_382' title='bbox 546 4187 580 4244; x_wconf 91' lang='lat' dir='ltr'>et</span> <span class='ocrx_word' id='word_1_383' title='bbox 607 4187 759 4261; x_wconf 85' lang='lat' dir='ltr'>praesens</span> <span class='ocrx_word' id='word_1_384' title='bbox 786 4184 911 4260; x_wconf 87' lang='lat' dir='ltr'>tempus</span> <span class='ocrx_word' id='word_1_385' title='bbox 936 4181 969 4243; x_wconf 94' lang='lat' dir='ltr'>in</span> <span class='ocrx_word' id='word_1_386' title='bbox 991 4197 1026 4243; x_wconf 89' lang='lat' dir='ltr'>se</span> <span class='ocrx_word' id='word_1_387' title='bbox 1049 4177 1189 4243; x_wconf 89' lang='lat' dir='ltr'>includat</span> <span class='ocrx_word' id='word_1_388' title='bbox 1214 4185 1247 4242; x_wconf 90' lang='lat' dir='ltr'>et</span> <span class='ocrx_word' id='word_1_389' title='bbox 1268 4193 1367 4256; x_wconf 86' lang='lat' dir='ltr'>saepe</span> 
     </span>
    </p>
   </div>
   <div class='ocr_carea' id='block_1_4' title="bbox 0 0 1557 4768">
    <p class='ocr_par' dir='ltr' id='par_1_5' title="bbox 0 0 1557 4768">
     <span class='ocr_line' id='line_1_42' title="bbox 0 0 1557 4768; baseline 0 0"><span class='ocrx_word' id='word_1_390' title='bbox 0 0 1557 4768; x_wconf 95' lang='lat' dir='ltr'> </span> 
     </span>
    </p>
   </div>
  </div>
 </body>
</html>
