3076 4762
493 164 533 204 DE
548 163 688 204 HOD18.-
704 161 928 209 consonemus.
1245 173 1302 236 161

146 355 250 416 turdus
278 356 315 413 ot
340 355 391 416 sis.
440 351 541 418 Naev.
569 349 642 418 bell.
673 350 752 416 Pon.
778 352 799 416 l.
828 351 888 418 VH
916 369 967 433 op.
992 351 1075 416 Non.
1097 370 1127 432 p.
1151 358 1225 434 474,
1251 357 1306 418 16:

146 454 288 530 plurimos
317 453 396 514 idem
424 452 596 514 Sicilienses
621 452 747 524 pooisett
769 452 889 514 obsides
918 455 954 514 ot
978 451 1113 525 reddant,
1136 450 1192 514 ubi
1214 454 1305 523 ente.

145 547 274 612 teoedit:
306 550 341 610 Id
371 550 507 626 qnodque
530 541 713 624 pootseoot'
727 551 844 611 moenis
869 550 938 624 sint,
962 546 1079 612 omisso
1101 554 1143 610 ot.
1175 546 1305 612 Terent.

146 643 244 709 Andr.
268 644 294 724 Ι,
318 649 348 724 2,
372 648 406 708 7:
431 648 509 706 Dum
531 653 649 720 tempus
672 646 710 706 od
733 664 798 710 eom
828 663 891 707 rem
918 647 997 720 tulit,
1025 646 1088 728 sint
1114 647 1243 734 animum
1272 649 1308 707 ot
1340 677 1341 680 ¹

146 744 273 818 expleret
293 761 385 806 suom.
409 740 487 806 Heo.
510 739 567 820 IV,
591 745 620 818 t,
647 745 685 806 14
708 759 772 822 sq:
799 760 896 821 neque
924 743 1022 804 strom
1057 747 1092 804 ot
1125 747 1176 821 qni
1208 744 1305 820 nobis,

145 846 248 914 mater,
272 843 349 902 malo
372 840 484 902 dietum
507 841 588 918 velit,
613 843 683 902 Men
705 844 874 918 pertinetis
889 857 956 906 esse
972 841 1054 904 dieat
1074 841 1195 905 tectum.
1223 837 1303 906 Oete

145 934 181 1000 R.
203 934 241 1000 R.
263 953 289 1002 c.
313 941 348 1000 5:
371 939 598 1016 sterquilinium
620 955 757 1015 magnum
779 941 865 1000 stride
884 943 921 1000 ot
943 940 1062 1003 habeas.
1085 937 1187 1004 Pleut.
1205 938 1306 1005 Poen.

146 1031 204 1112 111,
230 1038 258 1113 i,
283 1038 339 1099 72:
362 1037 516 1098 Lenonem
537 1041 573 1100 ot
601 1038 754 1112 periurum
777 1035 899 1111 perdas,
930 1037 961 1097 id
987 1037 1094 1098 stodes.
1126 1033 1197 1101 Ges.
1225 1036 1306 1116 prol.

146 1149 174 1195 v.
200 1135 254 1195 16:
279 1135 390 1194 Verum
415 1139 450 1194 ut
470 1140 655 1209 eopooscoot
677 1135 814 1196 dubiem
836 1150 956 1207 operam
979 1135 1092 1198 sedulo.
1117 1131 1196 1198 Ceto
1217 1132 1256 1198 R.
1268 1133 1307 1198 R.

147 1246 173 1296 o.
197 1233 234 1293 5:
256 1233 339 1306 prius
362 1233 464 1292 villam
486 1230 589 1296 videat
609 1233 713 1294 chose
735 1234 781 1293 ott
802 1233 859 1292 se’et
879 1239 910 1292 et
931 1232 979 1292 oti
1000 1247 1054 1294 suo
1084 1234 1208 1308 quisque
1238 1235 1307 1297 looo

148 1329 282 1390 sedetet
303 1329 351 1389 oti
378 1329 511 1390 iumento
537 1329 679 1404 pnbnium
710 1331 847 1390 habeant.
876 1325 910 1392 O.
935 1332 969 1392 9:
1001 1330 1043 1391 Et
1070 1327 1103 1391 id
1129 1329 1304 1408 videtque

148 1432 199 1486 ont
226 1426 343 1488 domum
371 1441 447 1500 opus
477 1426 563 1494 sient,
591 1434 643 1488 eut
674 1431 708 1486 ot
735 1429 836 1489 venire
859 1426 983 1502 possint.
1008 1423 1042 1491 (Ι.
1066 1428 1121 1489 60:
1146 1427 1308 1490 Praetereo

147 1525 313 1598 generatim
336 1522 510 1590 veteremi
532 1525 606 1586 sotis
628 1525 724 1585 rieioe
746 1541 837 1586 seros.
862 1522 896 1589 G.
921 1526 974 1588 76:
1002 1523 1105 1586 Videte
1128 1528 1164 1586 ot
1183 1527 1308 1587 beneet

148 1622 243 1682 otiose
257 1637 426 1695 percoquens.
444 1616 479 1683 Ο.
496 1622 554 1684 84:
581 1621 684 1684 Videte
699 1626 735 1682 ot
748 1623 824 1684 bene
834 1639 1002 1697 praecoquos
1017 1623 1153 1684 medinm.
1176 1620 1305 1687 Terent.

147 1713 226 1782 Heo.
248 1715 288 1796 V,
312 1723 343 1797 4,
369 1721 402 1780 l:
429 1717 511 1792 Vide,
535 1719 573 1779 mi
596 1721 758 1795 Parmeno,
781 1723 871 1782 etiem
898 1723 994 1789 sodes,
1015 1725 1051 1783 ot
1070 1722 1111 1780 mi
1133 1722 1208 1782 ineo
1224 1727 1309 1783 nerto

147 1823 177 1876 n
200 1818 284 1878 uara
307 1817 452 1878 roomo.
477 1805 582 1880 Plane.
606 1813 700 1895 Epio.
724 1814 783 1895 111,
807 1823 838 1896 4,
861 1821 918 1882 er:
941 1820 984 1880 mi
997 1820 1079 1880 snam
1100 1819 1307 1896 tepentem,

149 1919 304 1990 argentum
335 1914 465 1988 decimos
499 1911 632 1994 (pendet
659 1919 695 1975 ot
722 1931 742 1978 a
767 1930 957 1995 praegresso
986 1916 1081 1994 vetis),
1096 1969 1098 1974 .
1113 1932 1151 1978 ex
1182 1914 1306 1980 emend.

147 2007 263 2072 Bothii.
287 2027 315 2073 v.
341 2013 396 2074 76:
420 2013 570 2088 Numquid
594 2030 639 2072 me
662 2013 708 2072 nis
731 2013 885 2074 osterum?
907 2011 970 2076 PE.
994 2016 1076 2074 Molo
1106 2014 1242 2074 nrueiotn
1271 2018 1308 2075 ot

142 2125 251 2181 pereae
274 2116 364 2184 etque
387 2110 475 2168 abeas
496 2112 569 2170 nito.
591 2106 706 2172 Bacch.
728 2107 800 2187 1,1‚
823 2114 878 2172 44:
904 2113 1018 2172 Utilis
1042 2117 1072 2172 te
1101 2109 1207 2185 videat,
1230 2111 1307 2172 nolo.

147 2202 245 2268 Mers.
269 2202 330 2282 ΙΙΙ,
354 2207 383 2282 2,
409 2208 464 2268 17:
485 2210 521 2266 ot
542 2207 614 2266 mihi
637 2206 720 2266 sedis
743 2208 859 2281 sliquos
882 2208 1027 2268 eoodoeot
1047 2208 1122 2268 uoto.
1145 2204 1263 2271 Pseud.
1280 2205 1308 2280 Ι,

149 2303 176 2374 3,
200 2304 258 2364 87:
283 2304 361 2377 Quid
384 2320 462 2364 nunc
483 2304 550 2363 oie?
573 2299 637 2366 cA.
658 2307 695 2362 ot
708 2303 863 2376 opportere
878 2306 931 2366 inos
947 2323 1000 2365 sex
1015 2306 1080 2364 dies
1096 2302 1191 2365 festos
1211 2304 1309 2366 modo.

147 2395 229 2460 Rud.
252 2396 309 2476 IV,
340 2401 371 2477 6,
398 2401 451 2462 13:
484 2400 569 2474 Quod
596 2402 762 2476 promisisti
789 2405 825 2470 ot
844 2402 1016 2462 memineris
1047 2404 1092 2474 (ot
1124 2398 1244 2478 pendet
1272 2415 1311 2465 ex

147 2511 339 2574 praegresso
355 2495 439 2570 volo).
464 2494 558 2559 Trno.
574 2495 616 2566 11.
639 2503 671 2574 4,
694 2501 748 2561 78:
772 2500 847 2558 Num
878 2501 1028 2574 quidpiam
1058 2515 1104 2557 me
1132 2499 1178 2558 vie
1206 2497 1310 2558 alind?

149 2589 217 2654 PH.
243 2595 292 2660 Ut
316 2594 433 2669 quondo
457 2597 549 2654 otium
572 2596 640 2654 Tibi
663 2596 711 2669 sit,
734 2597 772 2656 ed
795 2614 840 2654 me
861 2597 982 2658 revisas.
1009 2592 1123 2658 Gaeeil.
1140 2593 1221 2658 Stet.
1236 2591 1310 2656 Plo·

149 2687 234 2754 cium
257 2687 296 2752 fr.
320 2693 350 2769 2,
373 2708 403 2754 v.
430 2693 505 2753 162:
531 2693 572 2753 Ut
593 2691 732 2754 devemus
752 2693 823 2766 volt,
845 2695 922 2767 qnod
938 2694 1012 2755 ioris
1028 2695 1189 2768 potereris.
1206 2690 1310 2755 Plont.

150 2785 267 2852 Bueoh.
291 2785 348 2864 IV,
372 2791 403 2865 8,
427 2790 482 2852 34:
505 2790 587 2850 Nihil
610 2797 658 2850 est
679 2790 758 2866 qnod
779 2790 891 2850 malim.
915 2786 982 2852 GH.
998 2793 1097 2866 Atque
1112 2795 1148 2852 ot
1162 2791 1217 2850 tibi
1233 2790 1311 2850 mele

151 2889 247 2946 multe
267 2885 425 2959 imperem?

238 2981 271 3058 b)
317 2983 504 3044 Emendatio
523 3000 578 3058 per
592 2983 647 3048 eet
657 2985 782 3058 prototo
796 2999 811 3042 e
825 2983 909 3044 oolw
923 2985 1012 3048 verbo
1027 2988 1098 3057 epto
1111 2985 1245 3044 obsolute
1254 2999 1311 3056 po

151 3081 238 3142 nitor
258 3081 293 3138 io
314 3080 573 3144 cohortationibus.
619 3077 698 3146 cato
725 3078 762 3142 R.
792 3077 832 3141 R.
855 3096 882 3143 o.
909 3082 941 3142 1:
963 3082 1010 3140 ott
1032 3099 1068 3141 eo
1084 3100 1150 3142 enm
1166 3083 1310 3152 introsus,

150 3178 372 3252 eireumspiee'os
393 3209 435 3220 -
456 3178 633 3240 unisonum
655 3180 771 3240 eaelum
793 3178 907 3237 tabeat
937 3174 1001 3239 lb.:
1027 3178 1074 3238 oti
1102 3179 1179 3238 bene
1209 3175 1311 3237 sedid-

150 3282 252 3336 entnm
273 3275 339 3350 siet,
362 3272 418 3338 ubi
439 3272 536 3353 paulo
558 3283 633 3339 ente
655 3273 775 3342 dictum
797 3277 862 3338 est:
890 3274 946 3334 etet
965 3275 1049 3337 iniis
1072 3275 1162 3352 egris,
1189 3271 1257 3336 sine
1278 3274 1315 3331 ot

149 3370 382 3436 coniunctione.
407 3369 441 3434 Ο.
465 3374 500 3434 2:
524 3374 652 3449 Reliqua
674 3389 748 3448 quoe
773 3373 860 3441 sient,
889 3375 925 3431 ot
953 3375 1151 3444 oonoporeaot.
1181 3370 1213 3430 Si
1242 3368 1314 3444 quid

150 3470 231 3530 desit
257 3471 287 3530 in
319 3486 437 3538 sunum,
462 3470 509 3528 oti
530 3475 675 3543 paretur3
707 3486 782 3545 quos
821 3469 991 3543 supersint,
1024 3469 1071 3528 uti
1105 3469 1242 3528 oeoeont.
1271 3495 1312 3507 -

152 3584 229 3642 quse
265 3583 359 3642 opere
391 3567 458 3626 fieri
489 3568 573 3651 ‘veluit
607 3573 639 3628 et
669 3582 746 3642 quoe
768 3567 869 3626 locere
892 3566 974 3633 velit,
1001 3565 1049 3626 oti
1070 3564 1201 3638 imperet,
1223 3571 1255 3624 et
1277 3579 1314 3622 eo

151 3665 268 3739 scripto
295 3663 455 3736 relinquat.
483 3693 526 3708 -—
553 3665 732 3725 Auctionem
759 3662 805 3722 oti
830 3661 934 3734 faeiat
959 3657 993 3722 G.
1020 3664 1072 3724 le:
1102 3663 1213 3722 leetnm
1236 3666 1314 3722 stre·

152 3768 224 3839 tum,
257 3759 308 3820 ubi
334 3761 392 3821 duo
420 3760 561 3822 custodes
585 3760 675 3821 liberi
706 3759 816 3820 nubent
848 3765 880 3818 et
907 3759 1018 3819 tertius
1040 3774 1144 3818 servus
1166 3772 1226 3818 uus
1248 3771 1315 3818 enm

152 3857 319 3921 foetoribus
341 3856 388 3917 ote·
409 3857 500 3924 rubet,
523 3835 586 3920 ubi*
601 3851 945 3932 tomeuSohneiderus
967 3851 1001 3916 in
1029 3850 1234 3917 adnotatione
1264 3849 1310 3914 le·

152 3955 291 4019 ctionem
313 3950 512 4018 Pontederae
526 3954 579 4015 obt
593 3950 742 4032 praefert.
766 3948 801 4015 Ο.
819 3953 868 4027 14,
886 3955 922 4018 3;
945 3951 977 4011 Si
992 3950 1029 4010 de
1044 3953 1131 4015 coeio
1146 3953 1218 4011 ville
1233 3955 1316 4010 teoto

152 4055 220 4128 siet,
245 4051 282 4114 de
306 4067 342 4112 ee
365 4068 399 4112 re
422 4052 516 4114 verbo
537 4052 637 4114 divine
657 4050 704 4112 oti
722 4051 809 4123 finnt.
833 4044 868 4112 O.
893 4051 949 4110 15:
973 4049 1122 4111 Musonius
1138 4078 1178 4092 -
1193 4046 1240 4106 ote*
1262 4045 1316 4104 do·

152 4152 250 4210 miuus
274 4137 374 4208 omnis
395 4147 434 4210 ed
456 4165 530 4222 opus
547 4148 700 4222 praebeat.
723 4143 827 4208 Plout.
852 4140 944 4223 capt.
968 4142 994 4222 Ι,
1018 4147 1046 4222 2,
1070 4146 1104 4206 6:
1128 4145 1182 4204 Set
1202 4141 1248 4202 oe
1262 4139 1317 4198 od·

205 4245 290 4293 motos,
303 4245 415 4295 syntaxi..
443 4245 472 4284 ιι.
1068 4246 1105 4306 11
