3048 4770
235 172 301 234 266
537 167 598 206 ω’.
613 167 659 207 Π.
686 165 833 206 oderunt
857 165 1109 208 wmoltntonnrn

239 351 385 420 tornum
430 353 531 420 Pleno
553 362 657 420 esset:
684 365 717 419 ut
739 359 803 420 ren
826 359 974 434 quomodo
996 377 1029 420 se
1052 377 1102 420 res
1123 359 1180 420 tibi
1202 359 1332 433 hebeti,
1363 363 1401 422 nt

237 459 292 518 est
312 452 385 516 Aul
408 451 437 527 Ι,
463 459 491 533 1,
514 459 535 518 8
557 459 592 518 et
611 472 663 535 ap.
685 454 761 520 Ter.
782 454 865 520 Eum
887 453 943 533 IV,
966 461 996 534 7,
1013 459 1055 520 30
1076 455 1154 530 (sein
1176 460 1338 519 tunt-tibi
1353 475 1403 520 res

237 571 271 616 ue
296 553 450 622 heberet).
473 551 596 616 Eodem
617 549 758 618 formula
779 557 869 618 extet
891 551 963 618 Aul
981 553 1023 632 11,
1039 561 1069 632 4,
1094 557 1137 618 28
1158 558 1202 625 (ut
1222 557 1289 616 seio
1310 559 1403 616 etism

238 651 431 727 quonum),
453 649 510 714 ubi
531 655 639 714 umen
661 650 812 720 minentis
834 669 897 716 non
918 656 978 716 est
1008 651 1057 716 Eu
1078 652 1150 732 ipse
1171 669 1244 716 eum
1266 653 1299 716 ui
1322 651 1403 734 legi-

237 755 294 814 tur
314 747 397 812 itud
419 746 479 822 ΙΙΙ,
504 753 534 828 5,
560 752 616 813 18:
639 754 774 827 Tunger,
801 757 835 814 ut
855 753 921 814 sein
941 751 1108 826 mnodo?
1152 747 1243 820 Ceut.
1269 749 1401 816 Poenul

236 845 272 923 I,
307 851 343 923 2,
379 848 455 910 162:
487 851 530 910 At
565 850 630 910 seir
662 846 856 924 quw-ww
891 847 962 931 [ubi
995 848 1068 912 ride
1101 848 1403 929 interpretationem

238 941 452 1024 Tanbmnnni,
481 945 537 1026 qui
558 946 638 1012 utut
658 947 756 1012 eliam
779 947 845 1012 llil.
867 946 924 1018 lv,
946 951 988 1027 4,
1011 951 1067 1012 26:
1097 955 1130 1009 ut
1165 951 1229 1009 suin
1252 967 1344 1024 quem
1367 948 1404 1010 sd

239 1044 401 1118 nodnmil.
446 1043 624 1110 Praetereo
650 1044 689 1110 ei.
716 1044 865 1110 Rostium
892 1045 997 1112 Pluut
1020 1046 1136 1128 euped.
1165 1044 1244 1109 iere.
1271 1049 1290 1108 5
1322 1044 1405 1126 p.V
1495 1051 1496 1054 ’

238 1143 420 1216 (comment.
442 1140 547 1206 Pluut.
571 1148 714 1224 p.141):
741 1144 824 1223 „list
850 1143 930 1210 lineo
951 1143 1091 1210 iormnln
1111 1143 1227 1208 Plauto
1251 1141 1404 1224 periemi·
1495 1147 1496 1170 ¹

238 1238 345 1315 dune,
380 1257 444 1320 que
469 1239 542 1320 quis
571 1241 667 1306 elteri
693 1241 815 1322 aliquid
839 1241 946 1308 intere
975 1243 1107 1309 eonuntl
1135 1240 1264 1314 malum,
1277 1240 1405 1310 eonsilii

241 1337 363 1402 exitum
386 1337 438 1404 vel
459 1339 601 1404 minetur
622 1339 673 1404 vel
695 1339 812 1405 saltem
833 1341 1022 1420 praediuit“
1067 1341 1159 1406 Adde
1181 1339 1296 1421 Amph.
1322 1339 1350 1420 I,
1377 1344 1404 1420 1,

238 1439 318 1500 200:
344 1441 387 1500 At
412 1439 478 1500 seio
506 1441 670 1513 qwmodo?
695 1437 805 1518 ibique
835 1437 968 1506 Tenum
998 1438 1096 1505 Poen.
1117 1436 1153 1514 Ι,
1177 1444 1213 1518 3,
1242 1442 1301 1504 29:
1340 1441 1405 1501 sein

241 1537 412 1612 quomodo?
1285 1607 1287 1610 ¹

326 1633 348 1698 l.
392 1633 501 1699 Etiam
513 1635 725 1715 interrogatio
738 1651 799 1714 per
812 1653 849 1696 ne
864 1640 899 1700 et
912 1636 1086 1702 secundum
1107 1640 1282 1717 personum
1293 1653 1402 1716 prees

238 1730 306 1796 iud.
328 1731 457 1811 prolatu
478 1750 575 1813 suepe
597 1733 661 1798 vim
688 1732 870 1813 imperativi
891 1733 991 1800 hebet
1017 1734 1068 1808 (el.
1100 1735 1120 1812 ᾗ
1147 1738 1184 1799 16
1208 1740 1251 1814 e),
1281 1751 1347 1813 quo
1371 1732 1404 1796 iu

240 1847 361 1910 genere
383 1829 529 1910 inprimis
550 1827 701 1910 frequens
723 1835 775 1896 est
796 1835 863 1894 otis
881 1835 991 1909 (mio).
1035 1832 1089 1899 Sic
1110 1833 1214 1898 Pleut
1238 1831 1356 1912 Amph.
1379 1829 1404 1910 l,

241 1927 672 2008 3,20.11‚2‚2272Aniu
717 1926 789 1994 Ges.
811 1929 860 2009 H,
883 1936 921 2011 4,
944 1935 1001 1998 23:
1021 1933 1107 1994 Asin
1128 1936 1201 1994 hino
1223 1934 1261 1994 eb
1285 1928 1406 1992 oeulis?

242 2025 358 2092 Bsoeln
389 2045 419 2092 ι.
449 2032 549 2094 1168;
581 2028 666 2090 Atirr
691 2030 783 2094 hine?
826 2045 856 2094 ι.
888 2034 987 2096 1176:
1020 2031 1106 2094 Atto
1135 2051 1154 2094 ιι
1182 2049 1246 2104 rue,
1282 2026 1405 2092 scelus?

241 2124 340 2190 llere.
362 2125 419 2205 IV,
441 2133 472 2203 4,
496 2130 551 2191 16:
573 2127 657 2189 Atio
678 2129 851 2192 dierectus?
873 2128 970 2194 Poen
991 2127 1019 2208 1,
1043 2135 1072 2202 3,
1095 2133 1150 2193 22:
1173 2132 1302 2192 etiamne
1318 2126 1405 2189 ants?

240 2222 283 2288 ib.
307 2222 367 2302 ΙΠ,
391 2231 420 2303 3,
445 2228 502 2290 65:
524 2228 624 2290 Iamne
646 2228 718 2289 itis?
761 2225 851 2292 Pers
874 2226 901 2306 I,
926 2233 954 2307 1,
978 2233 1035 2292 51:
1057 2232 1159 2290 lemno
1182 2228 1272 2288 uos?
1299 2223 1359 2303 IV,
1375 2228 1405 2302 4,

244 2325 324 2386 120:
348 2326 427 2394 ,odio
452 2340 543 2402 etque
572 2335 727 2403 argentum
757 2327 861 2402 petit?
903 2325 991 2392 'Prin
1014 2325 1063 2401 11,
1084 2331 1123 2406 4,
1147 2329 1206 2390 56:
1224 2325 1315 2386 Atio
1337 2325 1405 2384 hine

241 2423 399 2486 diereete?
444 2422 529 2488 Trin.
553 2441 581 2488 v.
605 2428 685 2490 989:
717 2423 802 2484 Abin
830 2427 901 2486 nine
930 2427 968 2488 o
989 2425 1109 2490 oeulis?
1154 2424 1281 2489 Terent
1304 2419 1404 2486 Andr.

241 2518 290 2599 Il,
317 2526 349 2600 l,
377 2527 428 2586 l‘l:
462 2525 546 2583 Atio
571 2525 642 2584 hine
670 2526 701 2584 in
729 2527 838 2586 melem
860 2543 923 2588 rem
946 2525 1017 2586 —?
1060 2521 1133 2588 Alie
1160 2519 1308 2601 exemplu
1332 2523 1407 2584 sunt

242 2617 338 2684 hoec:
372 2618 476 2682 Plaut
502 2619 629 2685 Curetrl.
652 2620 702 2698 ΙΙ,
730 2626 766 2699 3,
795 2625 853 2688 32;
887 2624 974 2684 Μὴ
995 2625 1048 2686 isti
1074 2625 1181 2686 sellum
1211 2623 1262 2683 ubi
1285 2621 1406 2682 adsidet

243 2721 305 2778 cito
328 2719 369 2778 Et
400 2723 538 2793 equalem
567 2739 633 2782 eum
661 2719 760 2796 uque?
789 2722 969 2795 properatin
989 2721 1098 2784 ouius?
1141 2718 1214 2785 Ges.
1236 2717 1286 2797 Π,
1311 2721 1348 2794 6,
1371 2721 1406 2780 8:

243 2817 382 2878 Etiamne
403 2818 527 2880 adstas?
569 2816 664 2884 Most.
688 2816 748 2896 111,
774 2825 800 2897 l,
828 2822 903 2882 131:
925 2820 1053 2880 Dieisne
1073 2822 1131 2881 lroe
1153 2821 1233 2896 quod
1255 2827 1288 2879 te
1311 2815 1406 2892 rogo?

244 2911 542 2992 Pers11‚4,1o:
575 2918 698 2978 Dimum
726 2920 780 2992 mi,
808 2920 859 2981 ubi
887 2919 928 2980 sit
956 2917 1100 2981 Toxilus?
1144 2917 1240 2982 Most.
1268 2933 1300 2980 ι.
1327 2917 1406 2978 887;

243 3015 388 3082 mne
409 3013 469 3090 [tu]
496 3019 611 3091 inpure
638 3017 709 3078 ilieo
730 3015 886 3092 persultet
932 3014 986 3092 1v,
1008 3020 1047 3096 2,
1070 3019 1126 3080 28:
1158 3020 1249 3084 huus,
1282 3015 1405 3086 Tranio,

243 3114 372 3174 eurum
394 3115 516 3188 operis?
559 3112 648 3178 Pers.
670 3110 709 3192 V,
732 3119 762 3193 n,
789 3120 842 3180 14:
864 3117 1008 3195 praeterr,
1029 3115 1147 3190 puero?
1190 3113 1286 3178 eruc.
1308 3109 1355 3189 Π,
1378 3113 1407 3179 3,

246 3213 301 3274 1οε
322 3213 420 3272 oudin
441 3212 554 3275 etium?
596 3211 653 3291 lv,
677 3216 706 3291 2,
727 3220 785 3278 43:
807 3216 910 3274 mittio
931 3215 999 3276 med
1020 3213 1124 3278 intro?
1153 3211 1283 3277 Terent.
1307 3207 1408 3274 Andr·
1497 3229 1499 3284 ζ

244 3305 292 3385 11,
319 3315 346 3388 l,
369 3313 427 3374 37:
449 3311 539 3385 supin
560 3310 655 3374 ltine?

329 3425 371 3472 nu.
416 3409 475 3482 De,
494 3405 631 3474 lormuln
658 3412 741 3474 emin
768 3409 842 3476 vide
868 3415 1000 3491 praeter
1034 3413 1163 3474 eeteros
1189 3405 1336 3473 Lindem.
1365 3403 1407 3470 ed

244 3505 349 3572 Pleni.
370 3505 439 3571 Mil.
461 3505 518 3586 IV,
540 3511 570 3582 2,
593 3512 613 3574 8
636 3513 677 3581 (ι.
701 3512 776 3583 999)
799 3509 901 3586 (Satio
922 3511 998 3572 huee
1020 3526 1138 3584 quoqne
1160 3525 1207 3570 me
1229 3499 1403 3582 deperiet
1498 3535 1499 3578 ι

246 3603 404 3685 „Brevior
424 3603 563 3672 iormulu
582 3624 642 3686 pro
666 3625 722 3683 eo,
748 3607 840 3686 quod
861 3606 1029 3674 dicendum
1052 3610 1141 3672 eret:
1173 3603 1260 3670 setin
1281 3605 1407 3668 eertum

245 3706 306 3778 est,
328 3701 410 3768 hune
432 3722 559 3786 qnoque
584 3723 636 3770 me
659 3705 832 3788 deperire?
854 3704 924 3770 vel:
948 3705 1032 3770 setin
1054 3703 1209 3770 credibile
1230 3706 1295 3776 est,
1325 3699 1408 3764 neue

244 3818 373 3882 quoque
395 3821 448 3867 me
468 3795 601 3868 umaro?
623 3803 707 3870 Hine
728 3803 848 3870 luctum
871 3807 908 3867 ut
927 3805 1012 3866 nde
1026 3801 1060 3867 in
1074 3799 1301 3876 locutionibus,
1324 3813 1407 3879 quae

244 3917 317 3966 eum
346 3900 557 3968 mutatque
585 3903 789 3983 interrogent
820 3900 873 3967 rel
906 3901 959 3966 vir
992 3899 1145 3968 credibile
1177 3896 1301 3978 aliquio
1335 3912 1407 3965 osse

245 3994 436 4079 significant,
459 3998 609 4064 adiuncto
631 4008 739 4066 mmen
761 4001 880 4080 ubique
901 3999 1157 4080 interrogatione
1172 3996 1407 4078 frequentetur,

244 4095 326 4162 nihil
347 4097 485 4178 emplius
506 4103 621 4164 notens
643 4116 739 4179 quem
760 4102 844 4164 dure
866 4119 935 4162 uero
957 4100 1021 4162 est?
1043 4096 1109 4162 vel:
1124 4099 1220 4172 quid?
1241 4095 1407 4172 nomed?

240 4195 345 4261 Paulo
367 4196 464 4264 aliter
486 4196 568 4263 inire
590 4193 658 4262 llil.
680 4197 737 4276 IV,
760 4203 791 4278 3,
814 4203 871 4266 41:
902 4199 992 4262 Satio
1012 4205 1048 4260 ut
1077 4198 1273 4260 eommoditeu
1301 4211 1410 4272 usque·
