<?xml version="1.0" encoding="UTF-8"?>
<!DOCTYPE html PUBLIC "-//W3C//DTD XHTML 1.0 Transitional//EN"
    "http://www.w3.org/TR/xhtml1/DTD/xhtml1-transitional.dtd">
<html xmlns="http://www.w3.org/1999/xhtml" xml:lang="en" lang="en">
 <head>
  <title>
</title>
<meta http-equiv="Content-Type" content="text/html;charset=utf-8" />
  <meta name='ocr-system' content='tesseract 3.04.00' />
  <meta name='ocr-capabilities' content='ocr_page ocr_carea ocr_par ocr_line ocrx_word'/>
</head>
<body>
  <div class='ocr_page' id='page_1' title='image "./syntaxispriscor02holtgoog_0125.png"; bbox 0 0 3076 4762; ppageno 0'>
   <div class='ocr_carea' id='block_1_1' title="bbox 239 119 950 186">
    <p class='ocr_par' dir='ltr' id='par_1_1' title="bbox 239 119 950 186">
     <span class='ocr_line' id='line_1_1' title="bbox 239 119 950 186; baseline -0.025 -10"><span class='ocrx_word' id='word_1_1' title='bbox 239 125 302 186; x_wconf 82' lang='lat'><strong>106</strong></span> <span class='ocrx_word' id='word_1_2' title='bbox 669 119 797 160; x_wconf 75' lang='lat' dir='ltr'><strong>uranum.</strong></span> <span class='ocrx_word' id='word_1_3' title='bbox 824 120 887 160; x_wconf 77' lang='lat' dir='ltr'><strong>oar.</strong></span> <span class='ocrx_word' id='word_1_4' title='bbox 901 120 950 160; x_wconf 80' lang='lat' dir='ltr'><strong>ru.</strong></span> 
     </span>
    </p>
   </div>
   <div class='ocr_carea' id='block_1_2' title="bbox 226 306 1409 3802">
    <p class='ocr_par' dir='ltr' id='par_1_2' title="bbox 226 306 1409 3802">
     <span class='ocr_line' id='line_1_2' title="bbox 236 306 1396 389; baseline 0.003 -20"><span class='ocrx_word' id='word_1_5' title='bbox 236 311 289 384; x_wconf 79' lang='lat' dir='ltr'><strong>tis,</strong></span> <span class='ocrx_word' id='word_1_6' title='bbox 312 311 439 370; x_wconf 89' lang='lat' dir='ltr'><strong>materia</strong></span> <span class='ocrx_word' id='word_1_7' title='bbox 461 312 653 372; x_wconf 81' lang='lat' dir='ltr'><strong>adiuuabant.</strong></span> <span class='ocrx_word' id='word_1_8' title='bbox 699 313 730 372; x_wconf 85' lang='lat' dir='ltr'><strong>Si</strong></span> <span class='ocrx_word' id='word_1_9' title='bbox 753 313 823 388; x_wconf 89' lang='lat' dir='ltr'><strong>qnid</strong></span> <span class='ocrx_word' id='word_1_10' title='bbox 847 313 938 388; x_wconf 81' lang='lat' dir='ltr'><strong>(bona</strong></span> <span class='ocrx_word' id='word_1_11' title='bbox 960 306 1071 388; x_wconf 88' lang='lat' dir='ltr'><strong>salute)</strong></span> <span class='ocrx_word' id='word_1_12' title='bbox 1094 329 1164 372; x_wconf 90' lang='lat' dir='ltr'><strong>usus</strong></span> <span class='ocrx_word' id='word_1_13' title='bbox 1186 311 1312 389; x_wconf 83' lang='lat' dir='ltr'><strong>venerit,</strong></span> <span class='ocrx_word' id='word_1_14' title='bbox 1342 313 1396 372; x_wconf 88' lang='lat' dir='ltr'><strong>be·</strong></span> 
     </span>
     <span class='ocr_line' id='line_1_3' title="bbox 241 405 1399 482; baseline 0.001 -16"><span class='ocrx_word' id='word_1_15' title='bbox 241 408 331 482; x_wconf 81' lang='lat' dir='ltr'><strong>nigne</strong></span> <span class='ocrx_word' id='word_1_16' title='bbox 359 407 523 479; x_wconf 80' lang='lat' dir='ltr'><strong>defendent.</strong></span> <span class='ocrx_word' id='word_1_17' title='bbox 570 405 602 470; x_wconf 82' lang='grc' dir='ltr'><strong>Ο.</strong></span> <span class='ocrx_word' id='word_1_18' title='bbox 627 413 660 472; x_wconf 87' lang='lat'><strong>5:</strong></span> <span class='ocrx_word' id='word_1_19' title='bbox 690 411 804 470; x_wconf 84' lang='lat' dir='ltr'><strong>Vilicus</strong></span> <span class='ocrx_word' id='word_1_20' title='bbox 834 410 861 470; x_wconf 85' lang='lat' dir='ltr'><strong>si</strong></span> <span class='ocrx_word' id='word_1_21' title='bbox 882 410 961 468; x_wconf 87' lang='lat' dir='ltr'><strong>nolet</strong></span> <span class='ocrx_word' id='word_1_22' title='bbox 980 410 1057 468; x_wconf 89' lang='lat' dir='ltr'><strong>male</strong></span> <span class='ocrx_word' id='word_1_23' title='bbox 1080 408 1193 482; x_wconf 85' lang='lat' dir='ltr'><strong>facere,</strong></span> <span class='ocrx_word' id='word_1_24' title='bbox 1217 427 1275 470; x_wconf 92' lang='lat' dir='ltr'><strong>non</strong></span> <span class='ocrx_word' id='word_1_25' title='bbox 1298 409 1399 481; x_wconf 81' lang='lat' dir='ltr'><strong>faciet.</strong></span> 
     </span>
     <span class='ocr_line' id='line_1_4' title="bbox 239 501 1400 580; baseline 0.002 -14"><span class='ocrx_word' id='word_1_26' title='bbox 239 501 301 566; x_wconf 90' lang='lat' dir='ltr'><strong>lb.:</strong></span> <span class='ocrx_word' id='word_1_27' title='bbox 338 505 373 565; x_wconf 84' lang='lat' dir='ltr'><strong>Si</strong></span> <span class='ocrx_word' id='word_1_28' title='bbox 401 507 457 566; x_wconf 91' lang='lat' dir='ltr'><strong>hoc</strong></span> <span class='ocrx_word' id='word_1_29' title='bbox 488 506 592 580; x_wconf 75' lang='lat' dir='ltr'><strong>societ,</strong></span> <span class='ocrx_word' id='word_1_30' title='bbox 621 509 716 567; x_wconf 89' lang='lat' dir='ltr'><strong>minus</strong></span> <span class='ocrx_word' id='word_1_31' title='bbox 745 509 846 568; x_wconf 82' lang='lat' dir='ltr'><strong>libebit</strong></span> <span class='ocrx_word' id='word_1_32' title='bbox 874 509 1025 567; x_wconf 88' lang='lat' dir='ltr'><strong>ambulare</strong></span> <span class='ocrx_word' id='word_1_33' title='bbox 1048 514 1079 566; x_wconf 90' lang='lat' dir='ltr'><strong>et</strong></span> <span class='ocrx_word' id='word_1_34' title='bbox 1100 507 1211 566; x_wconf 76' lang='lat' dir='ltr'><strong><em>valebit</em></strong></span> <span class='ocrx_word' id='word_1_35' title='bbox 1231 509 1343 568; x_wconf 88' lang='lat' dir='ltr'><strong>rectius</strong></span> <span class='ocrx_word' id='word_1_36' title='bbox 1366 514 1400 568; x_wconf 88' lang='lat' dir='ltr'><strong>et</strong></span> 
     </span>
     <span class='ocr_line' id='line_1_5' title="bbox 237 601 1400 680; baseline 0.003 -20"><span class='ocrx_word' id='word_1_37' title='bbox 237 601 381 662; x_wconf 83' lang='lat' dir='ltr'><strong>dormibit</strong></span> <span class='ocrx_word' id='word_1_38' title='bbox 403 604 553 664; x_wconf 91' lang='lat' dir='ltr'><strong>libentius.</strong></span> <span class='ocrx_word' id='word_1_39' title='bbox 600 603 660 668; x_wconf 88' lang='lat' dir='ltr'><strong>lb.:</strong></span> <span class='ocrx_word' id='word_1_40' title='bbox 691 607 860 666; x_wconf 83' lang='lat' dir='ltr'><strong>Stramenta</strong></span> <span class='ocrx_word' id='word_1_41' title='bbox 882 606 909 666; x_wconf 83' lang='lat' dir='ltr'><strong>ai</strong></span> <span class='ocrx_word' id='word_1_42' title='bbox 931 605 1067 680; x_wconf 70' lang='lat' dir='ltr'><strong>denunt,</strong></span> <span class='ocrx_word' id='word_1_43' title='bbox 1098 603 1233 665; x_wconf 81' lang='lat' dir='ltr'><strong>frondem</strong></span> <span class='ocrx_word' id='word_1_44' title='bbox 1257 606 1400 678; x_wconf 81' lang='lat' dir='ltr'><strong>iligneam</strong></span> 
     </span>
     <span class='ocr_line' id='line_1_6' title="bbox 238 697 1401 773; baseline 0.003 -15"><span class='ocrx_word' id='word_1_45' title='bbox 238 700 337 773; x_wconf 70' lang='lat' dir='ltr'><strong>benite.</strong></span> <span class='ocrx_word' id='word_1_46' title='bbox 383 697 416 764; x_wconf 75' lang='grc' dir='ltr'>(Ι.</span> <span class='ocrx_word' id='word_1_47' title='bbox 442 704 477 763; x_wconf 86' lang='grc'><strong>6;</strong></span> <span class='ocrx_word' id='word_1_48' title='bbox 515 699 615 762; x_wconf 77' lang='lat' dir='ltr'><strong><em>Sicubi</em></strong></span> <span class='ocrx_word' id='word_1_49' title='bbox 642 733 684 745; x_wconf 95' lang='lat'>—</span> <span class='ocrx_word' id='word_1_50' title='bbox 712 705 782 771; x_wconf 87' lang='lat' dir='ltr'><strong>erit,</strong></span> <span class='ocrx_word' id='word_1_51' title='bbox 811 705 852 763; x_wconf 91' lang='lat' dir='ltr'><strong>ibi</strong></span> <span class='ocrx_word' id='word_1_52' title='bbox 882 733 922 744; x_wconf 84' lang='lat'>—</span> <span class='ocrx_word' id='word_1_53' title='bbox 948 702 1048 764; x_wconf 83' lang='lat' dir='ltr'><strong>serite.</strong></span> <span class='ocrx_word' id='word_1_54' title='bbox 1094 698 1127 763; x_wconf 81' lang='grc' dir='ltr'><strong>Ο.</strong></span> <span class='ocrx_word' id='word_1_55' title='bbox 1143 703 1186 764; x_wconf 85' lang='grc'><strong>,8;</strong></span> <span class='ocrx_word' id='word_1_56' title='bbox 1221 703 1343 761; x_wconf 80' lang='lat' dir='ltr'><strong>Pratum</strong></span> <span class='ocrx_word' id='word_1_57' title='bbox 1370 701 1401 762; x_wconf 81' lang='lat' dir='ltr'><strong>si</strong></span> 
     </span>
     <span class='ocr_line' id='line_1_7' title="bbox 240 798 1400 877; baseline 0.002 -21"><span class='ocrx_word' id='word_1_58' title='bbox 240 798 383 871; x_wconf 83' lang='lat' dir='ltr'><strong>irriguum</strong></span> <span class='ocrx_word' id='word_1_59' title='bbox 406 800 542 877; x_wconf 56' lang='lat' dir='ltr'><strong>babebis„</strong></span> <span class='ocrx_word' id='word_1_60' title='bbox 559 798 676 860; x_wconf 86' lang='lat' dir='ltr'><strong>foenum</strong></span> <span class='ocrx_word' id='word_1_61' title='bbox 701 819 759 860; x_wconf 93' lang='lat' dir='ltr'><strong>non</strong></span> <span class='ocrx_word' id='word_1_62' title='bbox 781 801 908 872; x_wconf 74' lang='lat' dir='ltr'><strong>deficiet,</strong></span> <span class='ocrx_word' id='word_1_63' title='bbox 935 801 1043 862; x_wconf 82' lang='lat' dir='ltr'><strong>sinon</strong></span> <span class='ocrx_word' id='word_1_64' title='bbox 1065 801 1131 870; x_wconf 82' lang='lat' dir='ltr'><strong>erit,</strong></span> <span class='ocrx_word' id='word_1_65' title='bbox 1151 802 1261 860; x_wconf 85' lang='lat' dir='ltr'><strong>siceum</strong></span> <span class='ocrx_word' id='word_1_66' title='bbox 1286 829 1324 852; x_wconf 87' lang='lat'><strong>-.-</strong></span> <span class='ocrx_word' id='word_1_67' title='bbox 1349 799 1400 858; x_wconf 81' lang='lat' dir='ltr'><strong>de-</strong></span> 
     </span>
     <span class='ocr_line' id='line_1_8' title="bbox 239 892 1398 973; baseline 0.005 -21"><span class='ocrx_word' id='word_1_68' title='bbox 239 897 356 954; x_wconf 83' lang='lat' dir='ltr'><strong>mittite.</strong></span> <span class='ocrx_word' id='word_1_69' title='bbox 381 892 414 958; x_wconf 85' lang='lat' dir='ltr'><strong>O.</strong></span> <span class='ocrx_word' id='word_1_70' title='bbox 439 899 472 958; x_wconf 87' lang='lat'><strong>9:</strong></span> <span class='ocrx_word' id='word_1_71' title='bbox 496 899 587 956; x_wconf 88' lang='lat' dir='ltr'><strong>Prata</strong></span> <span class='ocrx_word' id='word_1_72' title='bbox 608 899 728 972; x_wconf 82' lang='lat' dir='ltr'><strong>irrigua,</strong></span> <span class='ocrx_word' id='word_1_73' title='bbox 751 899 779 958; x_wconf 83' lang='lat' dir='ltr'><strong>si</strong></span> <span class='ocrx_word' id='word_1_74' title='bbox 801 917 905 972; x_wconf 88' lang='lat' dir='ltr'><strong>aquam</strong></span> <span class='ocrx_word' id='word_1_75' title='bbox 929 899 1057 966; x_wconf 82' lang='lat' dir='ltr'><strong>babebis,</strong></span> <span class='ocrx_word' id='word_1_76' title='bbox 1078 900 1264 973; x_wconf 85' lang='lat' dir='ltr'><strong>potissimum</strong></span> <span class='ocrx_word' id='word_1_77' title='bbox 1287 896 1398 968; x_wconf 84' lang='lat' dir='ltr'><strong>facito:</strong></span> 
     </span>
     <span class='ocr_line' id='line_1_9' title="bbox 238 991 1399 1072; baseline 0.001 -19"><span class='ocrx_word' id='word_1_78' title='bbox 238 993 267 1053; x_wconf 80' lang='lat' dir='ltr'><strong>si</strong></span> <span class='ocrx_word' id='word_1_79' title='bbox 289 1011 394 1067; x_wconf 90' lang='lat' dir='ltr'><strong>aquarn</strong></span> <span class='ocrx_word' id='word_1_80' title='bbox 419 1011 476 1054; x_wconf 94' lang='lat' dir='ltr'><strong>non</strong></span> <span class='ocrx_word' id='word_1_81' title='bbox 501 995 630 1062; x_wconf 78' lang='lat' dir='ltr'><strong>habebis,</strong></span> <span class='ocrx_word' id='word_1_82' title='bbox 653 996 734 1054; x_wconf 89' lang='lat' dir='ltr'><strong>sicca</strong></span> <span class='ocrx_word' id='word_1_83' title='bbox 756 1015 841 1069; x_wconf 89' lang='lat' dir='ltr'><strong>quam</strong></span> <span class='ocrx_word' id='word_1_84' title='bbox 865 998 994 1072; x_wconf 88' lang='lat' dir='ltr'><strong>plurima</strong></span> <span class='ocrx_word' id='word_1_85' title='bbox 1015 995 1115 1067; x_wconf 83' lang='lat' dir='ltr'><strong>facito.</strong></span> <span class='ocrx_word' id='word_1_86' title='bbox 1162 991 1195 1058; x_wconf 85' lang='lat' dir='ltr'><strong>C.</strong></span> <span class='ocrx_word' id='word_1_87' title='bbox 1221 997 1276 1057; x_wconf 81' lang='lat'><strong>32:</strong></span> <span class='ocrx_word' id='word_1_88' title='bbox 1300 995 1399 1054; x_wconf 81' lang='lat' dir='ltr'><strong>Arbo-</strong></span> 
     </span>
     <span class='ocr_line' id='line_1_10' title="bbox 240 1091 1400 1169; baseline 0.002 -19"><span class='ocrx_word' id='word_1_89' title='bbox 240 1107 290 1150; x_wconf 88' lang='lat' dir='ltr'><strong>res</strong></span> <span class='ocrx_word' id='word_1_90' title='bbox 323 1091 415 1163; x_wconf 73' lang='lat' dir='ltr'><strong>sente</strong></span> <span class='ocrx_word' id='word_1_91' title='bbox 448 1093 491 1150; x_wconf 89' lang='lat' dir='ltr'><strong>uti</strong></span> <span class='ocrx_word' id='word_1_92' title='bbox 521 1093 596 1151; x_wconf 87' lang='lat' dir='ltr'><strong>bene</strong></span> <span class='ocrx_word' id='word_1_93' title='bbox 624 1094 749 1152; x_wconf 82' lang='lat' dir='ltr'><strong>maritae</strong></span> <span class='ocrx_word' id='word_1_94' title='bbox 779 1095 840 1154; x_wconf 90' lang='lat' dir='ltr'><strong>sint</strong></span> <span class='ocrx_word' id='word_1_95' title='bbox 866 1096 1000 1169; x_wconf 85' lang='lat' dir='ltr'><strong>vitesque</strong></span> <span class='ocrx_word' id='word_1_96' title='bbox 1031 1096 1076 1154; x_wconf 90' lang='lat' dir='ltr'><strong>uti</strong></span> <span class='ocrx_word' id='word_1_97' title='bbox 1097 1125 1140 1136; x_wconf 87' lang='lat'><em>-</em></span> <span class='ocrx_word' id='word_1_98' title='bbox 1162 1100 1338 1155; x_wconf 83' lang='lat' dir='ltr'><strong>asserantur</strong></span> <span class='ocrx_word' id='word_1_99' title='bbox 1366 1098 1400 1152; x_wconf 89' lang='lat' dir='ltr'><strong>et</strong></span> 
     </span>
     <span class='ocr_line' id='line_1_11' title="bbox 240 1187 1398 1276; baseline 0.003 -30"><span class='ocrx_word' id='word_1_100' title='bbox 240 1189 336 1276; x_wconf 78' lang='lat' dir='ltr'><strong><em>sicubi</em></strong></span> <span class='ocrx_word' id='word_1_101' title='bbox 359 1207 432 1263; x_wconf 80' lang='lat' dir='ltr'><strong>opus</strong></span> <span class='ocrx_word' id='word_1_102' title='bbox 455 1191 521 1256; x_wconf 88' lang='lat' dir='ltr'><strong>erit,</strong></span> <span class='ocrx_word' id='word_1_103' title='bbox 543 1189 579 1249; x_wconf 90' lang='lat' dir='ltr'><strong>de</strong></span> <span class='ocrx_word' id='word_1_104' title='bbox 603 1191 709 1249; x_wconf 88' lang='lat' dir='ltr'><strong>arbore</strong></span> <span class='ocrx_word' id='word_1_105' title='bbox 734 1191 920 1252; x_wconf 83' lang='lat' dir='ltr'><strong>deiicientur.</strong></span> <span class='ocrx_word' id='word_1_106' title='bbox 966 1187 1001 1252; x_wconf 83' lang='lat'><strong>0.</strong></span> <span class='ocrx_word' id='word_1_107' title='bbox 1026 1193 1084 1254; x_wconf 86' lang='lat'><strong>39:</strong></span> <span class='ocrx_word' id='word_1_108' title='bbox 1108 1190 1255 1264; x_wconf 80' lang='lat' dir='ltr'><strong>Cogitato,</strong></span> <span class='ocrx_word' id='word_1_109' title='bbox 1278 1191 1398 1250; x_wconf 86' lang='lat' dir='ltr'><strong>sinihil</strong></span> 
     </span>
     <span class='ocr_line' id='line_1_12' title="bbox 239 1285 1400 1362; baseline 0.001 -18"><span class='ocrx_word' id='word_1_110' title='bbox 239 1286 297 1358; x_wconf 75' lang='lat' dir='ltr'><strong>fiet,</strong></span> <span class='ocrx_word' id='word_1_111' title='bbox 331 1287 423 1346; x_wconf 89' lang='lat' dir='ltr'><strong>nihilo</strong></span> <span class='ocrx_word' id='word_1_112' title='bbox 457 1290 553 1347; x_wconf 89' lang='lat' dir='ltr'><strong>minus</strong></span> <span class='ocrx_word' id='word_1_113' title='bbox 591 1298 716 1348; x_wconf 91' lang='lat' dir='ltr'><strong>sumtum</strong></span> <span class='ocrx_word' id='word_1_114' title='bbox 748 1289 894 1360; x_wconf 80' lang='lat' dir='ltr'><strong>fntnrnm.</strong></span> <span class='ocrx_word' id='word_1_115' title='bbox 955 1285 987 1352; x_wconf 85' lang='lat' dir='ltr'><strong>C.</strong></span> <span class='ocrx_word' id='word_1_116' title='bbox 1025 1289 1102 1349; x_wconf 79' lang='lat'>146:</span> <span class='ocrx_word' id='word_1_117' title='bbox 1136 1287 1163 1348; x_wconf 87' lang='lat' dir='ltr'><strong>si</strong></span> <span class='ocrx_word' id='word_1_118' title='bbox 1195 1307 1254 1348; x_wconf 95' lang='lat' dir='ltr'><strong>non</strong></span> <span class='ocrx_word' id='word_1_119' title='bbox 1287 1287 1400 1362; x_wconf 79' lang='lat' dir='ltr'><strong>reddet,</strong></span> 
     </span>
     <span class='ocr_line' id='line_1_13' title="bbox 240 1382 1400 1463; baseline 0.004 -23"><span class='ocrx_word' id='word_1_120' title='bbox 240 1399 365 1457; x_wconf 87' lang='lat' dir='ltr'><strong>aequum</strong></span> <span class='ocrx_word' id='word_1_121' title='bbox 393 1385 505 1444; x_wconf 79' lang='lat' dir='ltr'><strong>solvito.</strong></span> <span class='ocrx_word' id='word_1_122' title='bbox 557 1383 739 1450; x_wconf 81' lang='lat' dir='ltr'><strong>Pontedera</strong></span> <span class='ocrx_word' id='word_1_123' title='bbox 766 1383 906 1448; x_wconf 87' lang='lat' dir='ltr'><strong>malebat</strong></span> <span class='ocrx_word' id='word_1_124' title='bbox 931 1387 1048 1448; x_wconf 81' lang='lat' dir='ltr'><strong>reddat.</strong></span> <span class='ocrx_word' id='word_1_125' title='bbox 1073 1383 1169 1448; x_wconf 84' lang='lat' dir='ltr'><strong>Ennii</strong></span> <span class='ocrx_word' id='word_1_126' title='bbox 1190 1382 1400 1463; x_wconf 84' lang='lat' dir='ltr'><strong>heduphage-</strong></span> 
     </span>
     <span class='ocr_line' id='line_1_14' title="bbox 238 1475 1399 1560; baseline 0.003 -20"><span class='ocrx_word' id='word_1_127' title='bbox 238 1475 303 1542; x_wconf 86' lang='lat' dir='ltr'><strong>tica</strong></span> <span class='ocrx_word' id='word_1_128' title='bbox 326 1495 353 1540; x_wconf 92' lang='lat' dir='ltr'><strong>v.</strong></span> <span class='ocrx_word' id='word_1_129' title='bbox 378 1485 412 1542; x_wconf 90' lang='lat'><strong>4:</strong></span> <span class='ocrx_word' id='word_1_130' title='bbox 436 1483 514 1544; x_wconf 91' lang='lat' dir='ltr'><strong>hunc</strong></span> <span class='ocrx_word' id='word_1_131' title='bbox 537 1500 659 1560; x_wconf 82' lang='lat' dir='ltr'><strong>magnus</strong></span> <span class='ocrx_word' id='word_1_132' title='bbox 682 1485 710 1543; x_wconf 85' lang='lat' dir='ltr'><strong>si</strong></span> <span class='ocrx_word' id='word_1_133' title='bbox 732 1485 790 1545; x_wconf 84' lang='lat' dir='ltr'><strong>erit</strong></span> <span class='ocrx_word' id='word_1_134' title='bbox 810 1485 865 1543; x_wconf 86' lang='lat' dir='ltr'><strong>tibi</strong></span> <span class='ocrx_word' id='word_1_135' title='bbox 886 1501 976 1544; x_wconf 87' lang='lat' dir='ltr'><strong>snme.</strong></span> <span class='ocrx_word' id='word_1_136' title='bbox 1020 1480 1124 1545; x_wconf 82' lang='lat' dir='ltr'><strong>Plane.</strong></span> <span class='ocrx_word' id='word_1_137' title='bbox 1147 1481 1234 1549; x_wconf 84' lang='lat' dir='ltr'><strong>Asin.</strong></span> <span class='ocrx_word' id='word_1_138' title='bbox 1250 1480 1276 1558; x_wconf 98' lang='grc' dir='ltr'><strong>Ι,</strong></span> <span class='ocrx_word' id='word_1_139' title='bbox 1294 1486 1324 1559; x_wconf 92' lang='grc'><strong>3,</strong></span> <span class='ocrx_word' id='word_1_140' title='bbox 1342 1485 1399 1544; x_wconf 83' lang='lat'><strong>75:</strong></span> 
     </span>
     <span class='ocr_line' id='line_1_15' title="bbox 238 1572 1399 1652; baseline 0.012 -18"><span class='ocrx_word' id='word_1_141' title='bbox 238 1572 380 1636; x_wconf 82' lang='lat' dir='ltr'><strong>Remeato</strong></span> <span class='ocrx_word' id='word_1_142' title='bbox 396 1579 547 1652; x_wconf 85' lang='lat' dir='ltr'><strong>audacter,</strong></span> <span class='ocrx_word' id='word_1_143' title='bbox 570 1585 736 1640; x_wconf 84' lang='lat' dir='ltr'><strong>mercedem</strong></span> <span class='ocrx_word' id='word_1_144' title='bbox 752 1582 849 1641; x_wconf 77' lang='lat' dir='ltr'><strong>siens</strong></span> <span class='ocrx_word' id='word_1_145' title='bbox 870 1586 1004 1644; x_wconf 81' lang='lat' dir='ltr'><strong>nanctus.</strong></span> <span class='ocrx_word' id='word_1_146' title='bbox 1026 1578 1222 1644; x_wconf 78' lang='lat' dir='ltr'><strong>Priscianus:</strong></span> <span class='ocrx_word' id='word_1_147' title='bbox 1245 1579 1299 1647; x_wconf 67' lang='lat' dir='ltr'><strong>„St</strong></span> <span class='ocrx_word' id='word_1_148' title='bbox 1322 1594 1399 1640; x_wconf 86' lang='lat' dir='ltr'><strong>con·</strong></span> 
     </span>
     <span class='ocr_line' id='line_1_16' title="bbox 239 1671 1399 1758; baseline 0.003 -24"><span class='ocrx_word' id='word_1_149' title='bbox 239 1671 361 1736; x_wconf 85' lang='lat' dir='ltr'><strong>iunctio</strong></span> <span class='ocrx_word' id='word_1_150' title='bbox 397 1694 467 1739; x_wconf 89' lang='lat' dir='ltr'><strong>curn</strong></span> <span class='ocrx_word' id='word_1_151' title='bbox 501 1677 600 1740; x_wconf 88' lang='lat' dir='ltr'><strong>verbo</strong></span> <span class='ocrx_word' id='word_1_152' title='bbox 628 1677 799 1741; x_wconf 86' lang='lat' dir='ltr'><strong>indicativo</strong></span> <span class='ocrx_word' id='word_1_153' title='bbox 827 1678 936 1741; x_wconf 83' lang='lat' dir='ltr'><strong>iuncta</strong></span> <span class='ocrx_word' id='word_1_154' title='bbox 962 1695 1030 1740; x_wconf 86' lang='lat' dir='ltr'><strong>rem</strong></span> <span class='ocrx_word' id='word_1_155' title='bbox 1058 1675 1160 1758; x_wconf 86' lang='lat' dir='ltr'><strong>magis</strong></span> <span class='ocrx_word' id='word_1_156' title='bbox 1181 1676 1399 1742; x_wconf 85' lang='lat' dir='ltr'><strong>indubitatam</strong></span> 
     </span>
     <span class='ocr_line' id='line_1_17' title="bbox 238 1767 1400 1852; baseline 0.002 -20"><span class='ocrx_word' id='word_1_157' title='bbox 238 1767 345 1833; x_wconf 82' lang='lat' dir='ltr'><strong>facit.“</strong></span> <span class='ocrx_word' id='word_1_158' title='bbox 391 1771 505 1837; x_wconf 81' lang='lat' dir='ltr'><strong>Pseud.</strong></span> <span class='ocrx_word' id='word_1_159' title='bbox 530 1772 589 1852; x_wconf 83' lang='lat'>111,</span> <span class='ocrx_word' id='word_1_160' title='bbox 614 1778 642 1852; x_wconf 84' lang='lat'><strong>2,</strong></span> <span class='ocrx_word' id='word_1_161' title='bbox 668 1779 725 1837; x_wconf 84' lang='lat'><strong>74:</strong></span> <span class='ocrx_word' id='word_1_162' title='bbox 751 1773 785 1834; x_wconf 81' lang='lat' dir='ltr'><strong>Si</strong></span> <span class='ocrx_word' id='word_1_163' title='bbox 806 1779 863 1836; x_wconf 89' lang='lat' dir='ltr'><strong>iste</strong></span> <span class='ocrx_word' id='word_1_164' title='bbox 886 1777 1026 1843; x_wconf 67' lang='lat' dir='ltr'><strong>iliata:</strong></span> <span class='ocrx_word' id='word_1_165' title='bbox 1052 1777 1149 1842; x_wconf 86' lang='lat' dir='ltr'><strong>stabit,</strong></span> <span class='ocrx_word' id='word_1_166' title='bbox 1173 1781 1269 1838; x_wconf 87' lang='lat' dir='ltr'><strong>estote</strong></span> <span class='ocrx_word' id='word_1_167' title='bbox 1292 1777 1400 1848; x_wconf 86' lang='lat' dir='ltr'><strong>seinul,</strong></span> 
     </span>
     <span class='ocr_line' id='line_1_18' title="bbox 239 1865 1401 1952; baseline -0.001 -20"><span class='ocrx_word' id='word_1_168' title='bbox 239 1885 267 1932; x_wconf 85' lang='lat' dir='ltr'><strong>v.</strong></span> <span class='ocrx_word' id='word_1_169' title='bbox 292 1865 310 1947; x_wconf 66' lang='grc' dir='ltr'><strong>ἓ</strong></span> <span class='ocrx_word' id='word_1_170' title='bbox 337 1868 481 1934; x_wconf 86' lang='lat' dir='ltr'><strong>1.Poen.</strong></span> <span class='ocrx_word' id='word_1_171' title='bbox 505 1870 530 1948; x_wconf 88' lang='grc' dir='ltr'><strong>Ι,</strong></span> <span class='ocrx_word' id='word_1_172' title='bbox 555 1876 582 1950; x_wconf 93' lang='grc'><strong>2,</strong></span> <span class='ocrx_word' id='word_1_173' title='bbox 607 1876 661 1936; x_wconf 87' lang='grc'><strong>86;</strong></span> <span class='ocrx_word' id='word_1_174' title='bbox 693 1877 734 1934; x_wconf 92' lang='lat' dir='ltr'><strong>ibi</strong></span> <span class='ocrx_word' id='word_1_175' title='bbox 758 1876 812 1935; x_wconf 91' lang='lat' dir='ltr'><strong>tibi</strong></span> <span class='ocrx_word' id='word_1_176' title='bbox 834 1874 891 1934; x_wconf 85' lang='lat' dir='ltr'><strong>erit</strong></span> <span class='ocrx_word' id='word_1_177' title='bbox 917 1875 1094 1952; x_wconf 86' lang='lat' dir='ltr'><strong>cordolium,</strong></span> <span class='ocrx_word' id='word_1_178' title='bbox 1123 1875 1238 1949; x_wconf 88' lang='lat' dir='ltr'><strong>siquam</strong></span> <span class='ocrx_word' id='word_1_179' title='bbox 1262 1880 1401 1933; x_wconf 87' lang='lat' dir='ltr'><strong>ornatam</strong></span> 
     </span>
     <span class='ocr_line' id='line_1_19' title="bbox 240 1968 1400 2048; baseline 0.005 -22"><span class='ocrx_word' id='word_1_180' title='bbox 240 1970 345 2028; x_wconf 89' lang='lat' dir='ltr'><strong>melius</strong></span> <span class='ocrx_word' id='word_1_181' title='bbox 376 1968 455 2030; x_wconf 84' lang='lat' dir='ltr'><strong>forte</strong></span> <span class='ocrx_word' id='word_1_182' title='bbox 486 1971 664 2044; x_wconf 72' lang='lat' dir='ltr'><strong>inspexeris.</strong></span> <span class='ocrx_word' id='word_1_183' title='bbox 716 1968 774 2046; x_wconf 86' lang='grc' dir='ltr'>ΙΙΙ,</span> <span class='ocrx_word' id='word_1_184' title='bbox 798 1975 828 2048; x_wconf 87' lang='grc'><strong>4,</strong></span> <span class='ocrx_word' id='word_1_185' title='bbox 853 1975 908 2033; x_wconf 88' lang='grc'><strong>33;</strong></span> <span class='ocrx_word' id='word_1_186' title='bbox 944 1974 971 2030; x_wconf 84' lang='lat' dir='ltr'><strong>si</strong></span> <span class='ocrx_word' id='word_1_187' title='bbox 1004 1973 1097 2048; x_wconf 82' lang='lat' dir='ltr'><strong>noles,</strong></span> <span class='ocrx_word' id='word_1_188' title='bbox 1131 1972 1253 2046; x_wconf 69' lang='lat' dir='ltr'><strong>(lenire</strong></span> <span class='ocrx_word' id='word_1_189' title='bbox 1283 1973 1400 2044; x_wconf 83' lang='lat' dir='ltr'><strong>capita.</strong></span> 
     </span>
     <span class='ocr_line' id='line_1_20' title="bbox 238 2062 1400 2146; baseline 0.006 -20"><span class='ocrx_word' id='word_1_190' title='bbox 238 2062 295 2142; x_wconf 83' lang='lat' dir='ltr'><strong>IV,</strong></span> <span class='ocrx_word' id='word_1_191' title='bbox 320 2069 347 2143; x_wconf 94' lang='grc'><strong>2,</strong></span> <span class='ocrx_word' id='word_1_192' title='bbox 372 2070 429 2128; x_wconf 82' lang='lat'><strong>85:</strong></span> <span class='ocrx_word' id='word_1_193' title='bbox 453 2068 592 2128; x_wconf 81' lang='lat' dir='ltr'><strong>Proiecto</strong></span> <span class='ocrx_word' id='word_1_194' title='bbox 616 2070 653 2128; x_wconf 88' lang='lat' dir='ltr'><strong>ad</strong></span> <span class='ocrx_word' id='word_1_195' title='bbox 676 2071 784 2128; x_wconf 89' lang='lat' dir='ltr'><strong>incitas</strong></span> <span class='ocrx_word' id='word_1_196' title='bbox 805 2072 941 2129; x_wconf 88' lang='lat' dir='ltr'><strong>lenonem</strong></span> <span class='ocrx_word' id='word_1_197' title='bbox 963 2070 1084 2146; x_wconf 65' lang='lat' dir='ltr'><strong>redibat,</strong></span> <span class='ocrx_word' id='word_1_198' title='bbox 1107 2070 1133 2129; x_wconf 81' lang='lat' dir='ltr'><strong>ai</strong></span> <span class='ocrx_word' id='word_1_199' title='bbox 1156 2088 1207 2130; x_wconf 90' lang='lat' dir='ltr'><strong>eas</strong></span> <span class='ocrx_word' id='word_1_200' title='bbox 1229 2069 1400 2132; x_wconf 70' lang='lat' dir='ltr'><strong>obtinuerit.</strong></span> 
     </span>
     <span class='ocr_line' id='line_1_21' title="bbox 238 2165 1399 2243; baseline 0.004 -21"><span class='ocrx_word' id='word_1_201' title='bbox 238 2179 266 2226; x_wconf 93' lang='lat' dir='ltr'><strong>v.</strong></span> <span class='ocrx_word' id='word_1_202' title='bbox 290 2166 345 2226; x_wconf 90' lang='lat'><strong>88:</strong></span> <span class='ocrx_word' id='word_1_203' title='bbox 381 2183 462 2226; x_wconf 91' lang='lat' dir='ltr'><strong>meus</strong></span> <span class='ocrx_word' id='word_1_204' title='bbox 492 2168 593 2226; x_wconf 87' lang='lat' dir='ltr'><strong>hercle</strong></span> <span class='ocrx_word' id='word_1_205' title='bbox 625 2169 809 2226; x_wconf 78' lang='lat' dir='ltr'><strong>conlibertus</strong></span> <span class='ocrx_word' id='word_1_206' title='bbox 841 2167 914 2238; x_wconf 78' lang='lat' dir='ltr'><strong>feno</strong></span> <span class='ocrx_word' id='word_1_207' title='bbox 944 2169 1018 2239; x_wconf 88' lang='lat' dir='ltr'><strong>eris,</strong></span> <span class='ocrx_word' id='word_1_208' title='bbox 1048 2167 1075 2226; x_wconf 88' lang='lat' dir='ltr'><strong>si</strong></span> <span class='ocrx_word' id='word_1_209' title='bbox 1103 2168 1131 2225; x_wconf 94' lang='lat' dir='ltr'><strong>di</strong></span> <span class='ocrx_word' id='word_1_210' title='bbox 1154 2167 1259 2228; x_wconf 63' lang='lat' dir='ltr'><strong>nonni.</strong></span> <span class='ocrx_word' id='word_1_211' title='bbox 1306 2165 1345 2243; x_wconf 84' lang='lat' dir='ltr'><strong>V,</strong></span> <span class='ocrx_word' id='word_1_212' title='bbox 1370 2169 1399 2242; x_wconf 83' lang='lat'><strong>2,</strong></span> 
     </span>
     <span class='ocr_line' id='line_1_22' title="bbox 240 2251 1402 2341; baseline 0.002 -19"><span class='ocrx_word' id='word_1_213' title='bbox 240 2265 318 2324; x_wconf 82' lang='lat'>123:</span> <span class='ocrx_word' id='word_1_214' title='bbox 342 2264 430 2322; x_wconf 87' lang='lat' dir='ltr'><strong>Suam</strong></span> <span class='ocrx_word' id='word_1_215' title='bbox 453 2283 515 2323; x_wconf 91' lang='lat' dir='ltr'><strong>rem</strong></span> <span class='ocrx_word' id='word_1_216' title='bbox 540 2267 596 2324; x_wconf 92' lang='lat' dir='ltr'><strong>sibi</strong></span> <span class='ocrx_word' id='word_1_217' title='bbox 619 2267 729 2324; x_wconf 83' lang='lat' dir='ltr'><strong>salvam</strong></span> <span class='ocrx_word' id='word_1_218' title='bbox 752 2251 866 2341; x_wconf 76' lang='lat' dir='ltr'><strong>asina,</strong></span> <span class='ocrx_word' id='word_1_219' title='bbox 889 2265 916 2324; x_wconf 86' lang='lat' dir='ltr'><strong>ai</strong></span> <span class='ocrx_word' id='word_1_220' title='bbox 938 2267 990 2324; x_wconf 93' lang='lat' dir='ltr'><strong>illo</strong></span> <span class='ocrx_word' id='word_1_221' title='bbox 1013 2264 1173 2324; x_wconf 82' lang='lat' dir='ltr'><strong>advenerit.</strong></span> <span class='ocrx_word' id='word_1_222' title='bbox 1220 2262 1310 2324; x_wconf 78' lang='lat' dir='ltr'><strong>Pers,</strong></span> <span class='ocrx_word' id='word_1_223' title='bbox 1327 2260 1353 2340; x_wconf 95' lang='grc' dir='ltr'><strong>Ι,</strong></span> <span class='ocrx_word' id='word_1_224' title='bbox 1374 2267 1402 2340; x_wconf 88' lang='lat' dir='ltr'><strong>l,</strong></span> 
     </span>
     <span class='ocr_line' id='line_1_23' title="bbox 237 2359 1400 2438; baseline -0.001 -17"><span class='ocrx_word' id='word_1_225' title='bbox 237 2364 296 2424; x_wconf 90' lang='lat'><strong>48:</strong></span> <span class='ocrx_word' id='word_1_226' title='bbox 321 2361 447 2436; x_wconf 83' lang='lat' dir='ltr'><strong>Siquid</strong></span> <span class='ocrx_word' id='word_1_227' title='bbox 472 2361 535 2437; x_wconf 80' lang='lat' dir='ltr'><strong>erit,</strong></span> <span class='ocrx_word' id='word_1_228' title='bbox 559 2361 610 2433; x_wconf 84' lang='lat' dir='ltr'><strong>fec</strong></span> <span class='ocrx_word' id='word_1_229' title='bbox 632 2366 731 2423; x_wconf 88' lang='lat' dir='ltr'><strong>seiam.</strong></span> <span class='ocrx_word' id='word_1_230' title='bbox 764 2359 856 2423; x_wconf 88' lang='lat' dir='ltr'><strong>True.</strong></span> <span class='ocrx_word' id='word_1_231' title='bbox 873 2359 898 2436; x_wconf 93' lang='grc' dir='ltr'><strong>Ι,</strong></span> <span class='ocrx_word' id='word_1_232' title='bbox 916 2365 945 2438; x_wconf 91' lang='grc'><strong>2,</strong></span> <span class='ocrx_word' id='word_1_233' title='bbox 967 2363 1018 2422; x_wconf 78' lang='lat'><strong>48:</strong></span> <span class='ocrx_word' id='word_1_234' title='bbox 1042 2361 1068 2420; x_wconf 83' lang='lat' dir='ltr'><strong>si</strong></span> <span class='ocrx_word' id='word_1_235' title='bbox 1092 2362 1169 2421; x_wconf 93' lang='lat' dir='ltr'><strong>domi</strong></span> <span class='ocrx_word' id='word_1_236' title='bbox 1190 2362 1258 2434; x_wconf 81' lang='lat' dir='ltr'><strong>erit,</strong></span> <span class='ocrx_word' id='word_1_237' title='bbox 1282 2379 1400 2428; x_wconf 86' lang='lat' dir='ltr'><strong>mecum</strong></span> 
     </span>
     <span class='ocr_line' id='line_1_24' title="bbox 236 2456 1402 2537; baseline -0.001 -16"><span class='ocrx_word' id='word_1_238' title='bbox 236 2462 391 2521; x_wconf 69' lang='lat' dir='ltr'><strong>mennon.</strong></span> <span class='ocrx_word' id='word_1_239' title='bbox 438 2456 563 2520; x_wconf 90' lang='lat' dir='ltr'><strong>Terent.</strong></span> <span class='ocrx_word' id='word_1_240' title='bbox 586 2458 684 2522; x_wconf 85' lang='lat' dir='ltr'><strong>Andr.</strong></span> <span class='ocrx_word' id='word_1_241' title='bbox 709 2460 735 2537; x_wconf 94' lang='grc' dir='ltr'><strong>Ι,</strong></span> <span class='ocrx_word' id='word_1_242' title='bbox 759 2463 788 2536; x_wconf 91' lang='grc'><strong>2,</strong></span> <span class='ocrx_word' id='word_1_243' title='bbox 812 2463 852 2521; x_wconf 82' lang='grc'><strong>25</strong></span> <span class='ocrx_word' id='word_1_244' title='bbox 875 2473 958 2536; x_wconf 87' lang='lat' dir='ltr'><strong>sqq.:</strong></span> <span class='ocrx_word' id='word_1_245' title='bbox 994 2459 1025 2518; x_wconf 78' lang='lat' dir='ltr'><strong>Si</strong></span> <span class='ocrx_word' id='word_1_246' title='bbox 1056 2476 1178 2518; x_wconf 84' lang='lat' dir='ltr'><strong>sensero</strong></span> <span class='ocrx_word' id='word_1_247' title='bbox 1206 2489 1250 2499; x_wconf 91' lang='lat'><em>-</em></span> <span class='ocrx_word' id='word_1_248' title='bbox 1282 2460 1402 2520; x_wconf 88' lang='lat' dir='ltr'><strong>dedam.</strong></span> 
     </span>
     <span class='ocr_line' id='line_1_25' title="bbox 236 2555 1405 2641; baseline -0.004 -22"><span class='ocrx_word' id='word_1_249' title='bbox 236 2556 262 2638; x_wconf 88' lang='grc' dir='ltr'><strong>Ι,</strong></span> <span class='ocrx_word' id='word_1_250' title='bbox 289 2563 317 2633; x_wconf 90' lang='grc'>3,</span> <span class='ocrx_word' id='word_1_251' title='bbox 341 2561 360 2618; x_wconf 88' lang='grc'>8</span> <span class='ocrx_word' id='word_1_252' title='bbox 383 2572 448 2634; x_wconf 86' lang='lat' dir='ltr'><strong>sq.:</strong></span> <span class='ocrx_word' id='word_1_253' title='bbox 484 2555 519 2614; x_wconf 84' lang='lat' dir='ltr'><strong>Si</strong></span> <span class='ocrx_word' id='word_1_254' title='bbox 539 2560 663 2617; x_wconf 78' lang='lat' dir='ltr'><strong>senserit</strong></span> <span class='ocrx_word' id='word_1_255' title='bbox 679 2565 735 2617; x_wconf 87' lang='lat' dir='ltr'><strong>aut</strong></span> <span class='ocrx_word' id='word_1_256' title='bbox 757 2559 893 2640; x_wconf 75' lang='lat' dir='ltr'><strong>siquam</strong></span> <span class='ocrx_word' id='word_1_257' title='bbox 916 2558 1040 2638; x_wconf 84' lang='lat' dir='ltr'><strong>lubitum</strong></span> <span class='ocrx_word' id='word_1_258' title='bbox 1063 2556 1155 2615; x_wconf 86' lang='lat' dir='ltr'><strong>fuerit</strong></span> <span class='ocrx_word' id='word_1_259' title='bbox 1175 2574 1298 2641; x_wconf 83' lang='lat' dir='ltr'><strong>causam</strong></span> <span class='ocrx_word' id='word_1_260' title='bbox 1323 2572 1405 2630; x_wconf 79' lang='lat' dir='ltr'><strong>cepe·</strong></span> 
     </span>
     <span class='ocr_line' id='line_1_26' title="bbox 236 2653 1404 2729; baseline -0.005 -13"><span class='ocrx_word' id='word_1_261' title='bbox 236 2658 292 2728; x_wconf 83' lang='lat' dir='ltr'><strong>rii,</strong></span> <span class='ocrx_word' id='word_1_262' title='bbox 317 2657 380 2728; x_wconf 79' lang='lat' dir='ltr'><strong>Quo</strong></span> <span class='ocrx_word' id='word_1_263' title='bbox 410 2657 474 2712; x_wconf 89' lang='lat' dir='ltr'><strong>iure</strong></span> <span class='ocrx_word' id='word_1_264' title='bbox 504 2668 618 2728; x_wconf 87' lang='lat' dir='ltr'><strong>quaque</strong></span> <span class='ocrx_word' id='word_1_265' title='bbox 648 2657 756 2714; x_wconf 89' lang='lat' dir='ltr'><strong>iniuria</strong></span> <span class='ocrx_word' id='word_1_266' title='bbox 778 2655 973 2729; x_wconf 86' lang='lat' dir='ltr'><strong>praeeipitem</strong></span> <span class='ocrx_word' id='word_1_267' title='bbox 997 2656 1027 2713; x_wconf 95' lang='lat' dir='ltr'><strong>in</strong></span> <span class='ocrx_word' id='word_1_268' title='bbox 1051 2655 1211 2728; x_wconf 89' lang='lat' dir='ltr'><strong>pistrinum</strong></span> <span class='ocrx_word' id='word_1_269' title='bbox 1234 2653 1336 2711; x_wconf 83' lang='lat' dir='ltr'><strong>debit!</strong></span> <span class='ocrx_word' id='word_1_270' title='bbox 1359 2683 1404 2692; x_wconf 90' lang='lat'><em>-</em></span> 
     </span>
     <span class='ocr_line' id='line_1_27' title="bbox 228 2749 1402 2826; baseline -0.003 -13"><span class='ocrx_word' id='word_1_271' title='bbox 228 2750 318 2814; x_wconf 74' lang='lat' dir='ltr'><strong>&#39;Cato</strong></span> <span class='ocrx_word' id='word_1_272' title='bbox 341 2750 378 2813; x_wconf 88' lang='lat' dir='ltr'><strong>R.</strong></span> <span class='ocrx_word' id='word_1_273' title='bbox 403 2749 439 2812; x_wconf 86' lang='lat' dir='ltr'><strong>R.</strong></span> <span class='ocrx_word' id='word_1_274' title='bbox 464 2764 489 2812; x_wconf 83' lang='lat' dir='ltr'><strong>e.</strong></span> <span class='ocrx_word' id='word_1_275' title='bbox 519 2755 549 2810; x_wconf 87' lang='lat' dir='ltr'><strong>l:</strong></span> <span class='ocrx_word' id='word_1_276' title='bbox 589 2753 669 2810; x_wconf 89' lang='lat' dir='ltr'><strong>Scito</strong></span> <span class='ocrx_word' id='word_1_277' title='bbox 704 2753 781 2810; x_wconf 91' lang='lat' dir='ltr'><strong>idem</strong></span> <span class='ocrx_word' id='word_1_278' title='bbox 817 2770 917 2826; x_wconf 85' lang='lat' dir='ltr'><strong>agrum</strong></span> <span class='ocrx_word' id='word_1_279' title='bbox 953 2753 1031 2826; x_wconf 88' lang='lat' dir='ltr'><strong>quod</strong></span> <span class='ocrx_word' id='word_1_280' title='bbox 1066 2752 1228 2816; x_wconf 88' lang='lat' dir='ltr'><strong>hominem,</strong></span> <span class='ocrx_word' id='word_1_281' title='bbox 1263 2751 1402 2824; x_wconf 84' lang='lat' dir='ltr'><strong>quamvis</strong></span> 
     </span>
     <span class='ocr_line' id='line_1_28' title="bbox 238 2834 1404 2927; baseline 0.002 -19"><span class='ocrx_word' id='word_1_282' title='bbox 238 2857 436 2926; x_wconf 85' lang='lat' dir='ltr'><strong>quaestuosus</strong></span> <span class='ocrx_word' id='word_1_283' title='bbox 460 2850 527 2927; x_wconf 88' lang='lat' dir='ltr'><strong>siet,</strong></span> <span class='ocrx_word' id='word_1_284' title='bbox 553 2851 577 2910; x_wconf 89' lang='lat' dir='ltr'><strong>si</strong></span> <span class='ocrx_word' id='word_1_285' title='bbox 600 2834 790 2924; x_wconf 84' lang='lat' dir='ltr'><strong>sumptuosus</strong></span> <span class='ocrx_word' id='word_1_286' title='bbox 814 2851 878 2926; x_wconf 83' lang='lat' dir='ltr'><strong>erit,</strong></span> <span class='ocrx_word' id='word_1_287' title='bbox 901 2851 1068 2922; x_wconf 70' lang='lat' dir='ltr'><strong>reinquere</strong></span> <span class='ocrx_word' id='word_1_288' title='bbox 1083 2867 1140 2908; x_wconf 93' lang='lat' dir='ltr'><strong>non</strong></span> <span class='ocrx_word' id='word_1_289' title='bbox 1158 2851 1291 2908; x_wconf 88' lang='lat' dir='ltr'><strong>multum.</strong></span> <span class='ocrx_word' id='word_1_290' title='bbox 1318 2843 1352 2908; x_wconf 83' lang='lat' dir='ltr'><strong>C.</strong></span> <span class='ocrx_word' id='word_1_291' title='bbox 1371 2850 1404 2910; x_wconf 84' lang='lat'><strong>3:</strong></span> 
     </span>
     <span class='ocr_line' id='line_1_29' title="bbox 239 2945 1405 3022; baseline -0.003 -15"><span class='ocrx_word' id='word_1_292' title='bbox 239 2946 274 3007; x_wconf 85' lang='lat' dir='ltr'><strong>Si</strong></span> <span class='ocrx_word' id='word_1_293' title='bbox 298 2949 407 3007; x_wconf 88' lang='lat' dir='ltr'><strong>oletum</strong></span> <span class='ocrx_word' id='word_1_294' title='bbox 433 2949 538 3006; x_wconf 91' lang='lat' dir='ltr'><strong>bonnm</strong></span> <span class='ocrx_word' id='word_1_295' title='bbox 564 2949 696 3022; x_wconf 88' lang='lat' dir='ltr'><strong>beneque</strong></span> <span class='ocrx_word' id='word_1_296' title='bbox 720 2945 860 3022; x_wconf 86' lang='lat' dir='ltr'><strong>frequens</strong></span> <span class='ocrx_word' id='word_1_297' title='bbox 884 2949 1053 3022; x_wconf 88' lang='lat' dir='ltr'><strong>cultumque</strong></span> <span class='ocrx_word' id='word_1_298' title='bbox 1076 2945 1145 3012; x_wconf 85' lang='lat' dir='ltr'><strong>erit,</strong></span> <span class='ocrx_word' id='word_1_299' title='bbox 1179 2954 1318 3018; x_wconf 83' lang='lat' dir='ltr'><strong>trapetos</strong></span> <span class='ocrx_word' id='word_1_300' title='bbox 1350 2946 1405 3004; x_wconf 90' lang='lat' dir='ltr'><strong>bo·</strong></span> 
     </span>
     <span class='ocr_line' id='line_1_30' title="bbox 237 3039 1406 3121; baseline -0.002 -17"><span class='ocrx_word' id='word_1_301' title='bbox 237 3063 302 3117; x_wconf 86' lang='lat' dir='ltr'><strong>nos,</strong></span> <span class='ocrx_word' id='word_1_302' title='bbox 325 3047 435 3121; x_wconf 82' lang='lat' dir='ltr'><strong>priuos,</strong></span> <span class='ocrx_word' id='word_1_303' title='bbox 459 3046 589 3119; x_wconf 84' lang='lat' dir='ltr'><strong>impares</strong></span> <span class='ocrx_word' id='word_1_304' title='bbox 613 3064 678 3106; x_wconf 87' lang='lat' dir='ltr'><strong>esse</strong></span> <span class='ocrx_word' id='word_1_305' title='bbox 702 3049 820 3117; x_wconf 62' lang='lat' dir='ltr'><strong>eperat.</strong></span> <span class='ocrx_word' id='word_1_306' title='bbox 865 3039 899 3106; x_wconf 84' lang='grc' dir='ltr'><strong>Ο.</strong></span> <span class='ocrx_word' id='word_1_307' title='bbox 928 3047 980 3106; x_wconf 87' lang='grc'><strong>12;</strong></span> <span class='ocrx_word' id='word_1_308' title='bbox 1005 3044 1168 3103; x_wconf 89' lang='lat' dir='ltr'><strong>confibulas</strong></span> <span class='ocrx_word' id='word_1_309' title='bbox 1192 3044 1327 3116; x_wconf 82' lang='lat' dir='ltr'><strong>ligneas,</strong></span> <span class='ocrx_word' id='word_1_310' title='bbox 1352 3043 1406 3118; x_wconf 91' lang='lat' dir='ltr'><strong>qui</strong></span> 
     </span>
     <span class='ocr_line' id='line_1_31' title="bbox 237 3136 1405 3218; baseline -0.004 -14"><span class='ocrx_word' id='word_1_311' title='bbox 237 3145 360 3204; x_wconf 89' lang='lat' dir='ltr'><strong>arbores</strong></span> <span class='ocrx_word' id='word_1_312' title='bbox 395 3146 581 3218; x_wconf 78' lang='lat' dir='ltr'><strong>comprimat,</strong></span> <span class='ocrx_word' id='word_1_313' title='bbox 615 3145 642 3204; x_wconf 86' lang='lat' dir='ltr'><strong>si</strong></span> <span class='ocrx_word' id='word_1_314' title='bbox 675 3143 862 3203; x_wconf 81' lang='lat' dir='ltr'><strong>distrioscent.</strong></span> <span class='ocrx_word' id='word_1_315' title='bbox 908 3138 1010 3202; x_wconf 85' lang='lat' dir='ltr'><strong>Plaut.</strong></span> <span class='ocrx_word' id='word_1_316' title='bbox 1042 3137 1108 3202; x_wconf 88' lang='lat' dir='ltr'><strong>Mil.</strong></span> <span class='ocrx_word' id='word_1_317' title='bbox 1140 3136 1182 3216; x_wconf 93' lang='grc' dir='ltr'><strong>ΙΙ,</strong></span> <span class='ocrx_word' id='word_1_318' title='bbox 1213 3142 1242 3214; x_wconf 87' lang='grc'>5,</span> <span class='ocrx_word' id='word_1_319' title='bbox 1271 3140 1331 3202; x_wconf 91' lang='grc'><strong>43;</strong></span> <span class='ocrx_word' id='word_1_320' title='bbox 1373 3148 1405 3200; x_wconf 89' lang='lat' dir='ltr'><strong>te</strong></span> 
     </span>
     <span class='ocr_line' id='line_1_32' title="bbox 238 3233 1407 3320; baseline 0 -19"><span class='ocrx_word' id='word_1_321' title='bbox 238 3259 381 3315; x_wconf 88' lang='lat' dir='ltr'><strong>nusquam</strong></span> <span class='ocrx_word' id='word_1_322' title='bbox 415 3242 546 3307; x_wconf 79' lang='lat' dir='ltr'><strong>mittem,</strong></span> <span class='ocrx_word' id='word_1_323' title='bbox 577 3240 639 3320; x_wconf 81' lang='lat' dir='ltr'><strong>nisi</strong></span> <span class='ocrx_word' id='word_1_324' title='bbox 671 3240 726 3298; x_wconf 81' lang='lat' dir='ltr'><strong>dos</strong></span> <span class='ocrx_word' id='word_1_325' title='bbox 758 3239 905 3300; x_wconf 86' lang='lat' dir='ltr'><strong>firmatam</strong></span> <span class='ocrx_word' id='word_1_326' title='bbox 938 3238 1035 3296; x_wconf 89' lang='lat' dir='ltr'><strong>fidem.</strong></span> <span class='ocrx_word' id='word_1_327' title='bbox 1081 3234 1178 3300; x_wconf 87' lang='lat' dir='ltr'><strong>Merc.</strong></span> <span class='ocrx_word' id='word_1_328' title='bbox 1205 3233 1268 3313; x_wconf 93' lang='grc' dir='ltr'>ΙΙΙ,</span> <span class='ocrx_word' id='word_1_329' title='bbox 1289 3242 1323 3312; x_wconf 86' lang='lat'><strong>·1‚</strong></span> <span class='ocrx_word' id='word_1_330' title='bbox 1349 3241 1407 3300; x_wconf 81' lang='lat'><strong>28:</strong></span> 
     </span>
     <span class='ocr_line' id='line_1_33' title="bbox 238 3330 1406 3413; baseline -0.001 -16"><span class='ocrx_word' id='word_1_331' title='bbox 238 3341 314 3397; x_wconf 85' lang='lat' dir='ltr'><strong>Eum</strong></span> <span class='ocrx_word' id='word_1_332' title='bbox 344 3339 387 3396; x_wconf 87' lang='lat' dir='ltr'><strong>sei</strong></span> <span class='ocrx_word' id='word_1_333' title='bbox 409 3339 550 3413; x_wconf 76' lang='lat' dir='ltr'><strong>cannabeis,</strong></span> <span class='ocrx_word' id='word_1_334' title='bbox 574 3339 743 3412; x_wconf 87' lang='lat' dir='ltr'><strong>perbonast.</strong></span> <span class='ocrx_word' id='word_1_335' title='bbox 788 3333 884 3397; x_wconf 87' lang='lat' dir='ltr'><strong>Poen.</strong></span> <span class='ocrx_word' id='word_1_336' title='bbox 908 3332 967 3411; x_wconf 96' lang='grc' dir='ltr'>ΙΙΙ,</span> <span class='ocrx_word' id='word_1_337' title='bbox 989 3341 1019 3410; x_wconf 84' lang='grc'><strong>4,</strong></span> <span class='ocrx_word' id='word_1_338' title='bbox 1044 3330 1099 3396; x_wconf 82' lang='grc' dir='ltr'><strong>Ι2οε</strong></span> <span class='ocrx_word' id='word_1_339' title='bbox 1134 3333 1169 3394; x_wconf 87' lang='lat' dir='ltr'><strong>Si</strong></span> <span class='ocrx_word' id='word_1_340' title='bbox 1191 3335 1303 3394; x_wconf 74' lang='lat' dir='ltr'><strong>exierit</strong></span> <span class='ocrx_word' id='word_1_341' title='bbox 1324 3338 1406 3412; x_wconf 90' lang='lat' dir='ltr'><strong>leno,</strong></span> 
     </span>
     <span class='ocr_line' id='line_1_34' title="bbox 239 3429 1409 3509; baseline -0.002 -14"><span class='ocrx_word' id='word_1_342' title='bbox 239 3453 350 3495; x_wconf 89' lang='lat' dir='ltr'><strong>censen</strong></span> <span class='ocrx_word' id='word_1_343' title='bbox 382 3436 530 3494; x_wconf 91' lang='lat' dir='ltr'><strong>hominem</strong></span> <span class='ocrx_word' id='word_1_344' title='bbox 550 3433 765 3507; x_wconf 62' lang='lat' dir='ltr'><strong>interrorem)</strong></span> <span class='ocrx_word' id='word_1_345' title='bbox 815 3429 852 3506; x_wconf 85' lang='lat' dir='ltr'><strong>V,</strong></span> <span class='ocrx_word' id='word_1_346' title='bbox 875 3437 905 3508; x_wconf 92' lang='lat'><strong>4,</strong></span> <span class='ocrx_word' id='word_1_347' title='bbox 931 3435 987 3494; x_wconf 79' lang='lat'><strong>38:</strong></span> <span class='ocrx_word' id='word_1_348' title='bbox 1026 3433 1060 3491; x_wconf 89' lang='lat' dir='ltr'><strong>ld</strong></span> <span class='ocrx_word' id='word_1_349' title='bbox 1083 3449 1153 3509; x_wconf 81' lang='lat' dir='ltr'><strong>ego,</strong></span> <span class='ocrx_word' id='word_1_350' title='bbox 1181 3433 1243 3492; x_wconf 89' lang='lat' dir='ltr'><strong>nisi</strong></span> <span class='ocrx_word' id='word_1_351' title='bbox 1273 3435 1347 3507; x_wconf 88' lang='lat' dir='ltr'><strong>quid</strong></span> <span class='ocrx_word' id='word_1_352' title='bbox 1376 3435 1409 3494; x_wconf 95' lang='lat' dir='ltr'><strong>di</strong></span> 
     </span>
     <span class='ocr_line' id='line_1_35' title="bbox 237 3526 1408 3608; baseline 0.002 -16"><span class='ocrx_word' id='word_1_353' title='bbox 237 3540 289 3592; x_wconf 87' lang='lat' dir='ltr'><strong>aut</strong></span> <span class='ocrx_word' id='word_1_354' title='bbox 312 3539 456 3605; x_wconf 86' lang='lat' dir='ltr'><strong>parentes</strong></span> <span class='ocrx_word' id='word_1_355' title='bbox 479 3533 588 3605; x_wconf 74' lang='lat' dir='ltr'><strong>faxint,</strong></span> <span class='ocrx_word' id='word_1_356' title='bbox 612 3533 661 3605; x_wconf 89' lang='lat' dir='ltr'><strong>qni</strong></span> <span class='ocrx_word' id='word_1_357' title='bbox 685 3548 813 3604; x_wconf 87' lang='lat' dir='ltr'><strong>sperem,</strong></span> <span class='ocrx_word' id='word_1_358' title='bbox 837 3526 915 3588; x_wconf 90' lang='lat' dir='ltr'><strong>haud</strong></span> <span class='ocrx_word' id='word_1_359' title='bbox 939 3532 1010 3604; x_wconf 88' lang='lat' dir='ltr'><strong>scio.</strong></span> <span class='ocrx_word' id='word_1_360' title='bbox 1056 3527 1185 3593; x_wconf 85' lang='lat' dir='ltr'><strong>Terent.</strong></span> <span class='ocrx_word' id='word_1_361' title='bbox 1211 3529 1313 3592; x_wconf 88' lang='lat' dir='ltr'><strong>Andr.</strong></span> <span class='ocrx_word' id='word_1_362' title='bbox 1330 3528 1357 3608; x_wconf 96' lang='grc' dir='ltr'><strong>Ι,</strong></span> <span class='ocrx_word' id='word_1_363' title='bbox 1379 3534 1408 3606; x_wconf 83' lang='grc'><strong>1,</strong></span> 
     </span>
     <span class='ocr_line' id='line_1_36' title="bbox 239 3627 1409 3704; baseline -0.002 -14"><span class='ocrx_word' id='word_1_364' title='bbox 239 3632 317 3691; x_wconf 85' lang='lat'>128:</span> <span class='ocrx_word' id='word_1_365' title='bbox 352 3629 387 3689; x_wconf 79' lang='lat' dir='ltr'><strong>st</strong></span> <span class='ocrx_word' id='word_1_366' title='bbox 416 3637 542 3704; x_wconf 85' lang='lat' dir='ltr'><strong>propter</strong></span> <span class='ocrx_word' id='word_1_367' title='bbox 571 3646 701 3689; x_wconf 88' lang='lat' dir='ltr'><strong>amorem</strong></span> <span class='ocrx_word' id='word_1_368' title='bbox 730 3645 852 3686; x_wconf 82' lang='lat' dir='ltr'><strong>uxorem</strong></span> <span class='ocrx_word' id='word_1_369' title='bbox 880 3627 959 3685; x_wconf 69' lang='lat' dir='ltr'><strong>noim</strong></span> <span class='ocrx_word' id='word_1_370' title='bbox 988 3628 1111 3702; x_wconf 81' lang='lat' dir='ltr'><strong>ducere,</strong></span> <span class='ocrx_word' id='word_1_371' title='bbox 1142 3629 1188 3685; x_wconf 86' lang='lat' dir='ltr'><strong>Ea</strong></span> <span class='ocrx_word' id='word_1_372' title='bbox 1211 3629 1346 3700; x_wconf 86' lang='lat' dir='ltr'><strong>primum</strong></span> <span class='ocrx_word' id='word_1_373' title='bbox 1369 3629 1409 3688; x_wconf 89' lang='lat' dir='ltr'><strong>ab</strong></span> 
     </span>
     <span class='ocr_line' id='line_1_37' title="bbox 226 3721 1409 3802; baseline 0.003 -19"><span class='ocrx_word' id='word_1_374' title='bbox 226 3730 290 3787; x_wconf 75' lang='lat' dir='ltr'><strong>,illo</strong></span> <span class='ocrx_word' id='word_1_375' title='bbox 313 3727 580 3789; x_wconf 79' lang='lat' dir='ltr'><strong>animaduertenda</strong></span> <span class='ocrx_word' id='word_1_376' title='bbox 604 3727 749 3802; x_wconf 76' lang='lat' dir='ltr'><strong>iniuriast.</strong></span> <span class='ocrx_word' id='word_1_377' title='bbox 795 3721 876 3785; x_wconf 88' lang='lat' dir='ltr'><strong>Eun.</strong></span> <span class='ocrx_word' id='word_1_378' title='bbox 900 3721 942 3799; x_wconf 93' lang='grc' dir='ltr'><strong>ΙΙ,</strong></span> <span class='ocrx_word' id='word_1_379' title='bbox 971 3727 996 3799; x_wconf 90' lang='grc'><strong>1,</strong></span> <span class='ocrx_word' id='word_1_380' title='bbox 1021 3727 1076 3786; x_wconf 80' lang='lat'><strong>24:</strong></span> <span class='ocrx_word' id='word_1_381' title='bbox 1099 3724 1212 3784; x_wconf 71' lang='lat' dir='ltr'><strong>aaron</strong></span> <span class='ocrx_word' id='word_1_382' title='bbox 1234 3726 1269 3784; x_wconf 90' lang='lat' dir='ltr'><strong>ni</strong></span> <span class='ocrx_word' id='word_1_383' title='bbox 1285 3744 1343 3800; x_wconf 85' lang='lat' dir='ltr'><strong>ego</strong></span> <span class='ocrx_word' id='word_1_384' title='bbox 1360 3744 1409 3787; x_wconf 88' lang='lat' dir='ltr'><strong>me</strong></span> 
     </span>
    </p>
   </div>
   <div class='ocr_carea' id='block_1_3' title="bbox 238 3809 1535 3900">
    <p class='ocr_par' dir='ltr' id='par_1_3' title="bbox 238 3809 1535 3900">
     <span class='ocr_line' id='line_1_38' title="bbox 238 3809 1535 3900; baseline 0 -16"><span class='ocrx_word' id='word_1_385' title='bbox 238 3826 368 3898; x_wconf 86' lang='lat' dir='ltr'><strong>turpiter</strong></span> <span class='ocrx_word' id='word_1_386' title='bbox 398 3827 486 3884; x_wconf 90' lang='lat' dir='ltr'><strong>hodie</strong></span> <span class='ocrx_word' id='word_1_387' title='bbox 517 3827 566 3884; x_wconf 89' lang='lat' dir='ltr'><strong>hic</strong></span> <span class='ocrx_word' id='word_1_388' title='bbox 596 3825 671 3882; x_wconf 85' lang='lat' dir='ltr'><strong>dubo</strong></span> <span class='ocrx_word' id='word_1_389' title='bbox 696 3823 768 3881; x_wconf 82' lang='lat' dir='ltr'><strong>(lum</strong></span> <span class='ocrx_word' id='word_1_390' title='bbox 800 3837 865 3880; x_wconf 91' lang='lat' dir='ltr'><strong>meo</strong></span> <span class='ocrx_word' id='word_1_391' title='bbox 889 3822 1043 3895; x_wconf 85' lang='lat' dir='ltr'><strong>decrepito</strong></span> <span class='ocrx_word' id='word_1_392' title='bbox 1067 3823 1123 3880; x_wconf 89' lang='lat' dir='ltr'><strong>hoc</strong></span> <span class='ocrx_word' id='word_1_393' title='bbox 1147 3824 1298 3884; x_wconf 87' lang='lat' dir='ltr'><strong>eunucho.</strong></span> <span class='ocrx_word' id='word_1_394' title='bbox 1346 3820 1410 3900; x_wconf 92' lang='grc' dir='ltr'>ΙΙΙ,</span> <span class='ocrx_word' id='word_1_395' title='bbox 1534 3809 1535 3820; x_wconf 56' lang='grc'>’</span> 
     </span>
    </p>
   </div>
   <div class='ocr_carea' id='block_1_4' title="bbox 240 3903 1411 3998">
    <p class='ocr_par' dir='ltr' id='par_1_4' title="bbox 240 3903 1411 3998">
     <span class='ocr_line' id='line_1_39' title="bbox 240 3903 1411 3998; baseline -0.002 -16"><span class='ocrx_word' id='word_1_396' title='bbox 240 3925 267 3998; x_wconf 88' lang='grc'><strong>1,</strong></span> <span class='ocrx_word' id='word_1_397' title='bbox 284 3924 350 3982; x_wconf 77' lang='lat' dir='ltr'><strong>bl:</strong></span> <span class='ocrx_word' id='word_1_398' title='bbox 382 3921 536 3993; x_wconf 76' lang='lat' dir='ltr'><strong>Siquando</strong></span> <span class='ocrx_word' id='word_1_399' title='bbox 560 3924 614 3980; x_wconf 90' lang='lat' dir='ltr'><strong>illa</strong></span> <span class='ocrx_word' id='word_1_400' title='bbox 637 3920 713 3980; x_wconf 82' lang='lat' dir='ltr'><strong>dicet</strong></span> <span class='ocrx_word' id='word_1_401' title='bbox 735 3903 922 3989; x_wconf 83' lang='lat' dir='ltr'><strong>‘Phaedriam</strong></span> <span class='ocrx_word' id='word_1_402' title='bbox 945 3920 1029 3976; x_wconf 91' lang='lat' dir='ltr'><strong>Intro</strong></span> <span class='ocrx_word' id='word_1_403' title='bbox 1053 3919 1205 3977; x_wconf 80' lang='lat' dir='ltr'><strong>mittamus</strong></span> <span class='ocrx_word' id='word_1_404' title='bbox 1230 3922 1411 3981; x_wconf 89' lang='lat' dir='ltr'><strong>commissa·</strong></span> 
     </span>
    </p>
   </div>
   <div class='ocr_carea' id='block_1_5' title="bbox 256 4129 1128 4214">
    <p class='ocr_par' dir='ltr' id='par_1_5' title="bbox 256 4129 1128 4214">
     <span class='ocr_line' id='line_1_40' title="bbox 256 4129 1128 4214; baseline -0.006 -13"><span class='ocrx_word' id='word_1_405' title='bbox 256 4129 259 4132; x_wconf 25' lang='grc' dir='ltr'>Ι</span> <span class='ocrx_word' id='word_1_406' title='bbox 312 4147 332 4214; x_wconf 84' lang='lat'><strong>⁷)</strong></span> <span class='ocrx_word' id='word_1_407' title='bbox 353 4147 397 4202; x_wconf 83' lang='lat' dir='ltr'><strong>Sic</strong></span> <span class='ocrx_word' id='word_1_408' title='bbox 416 4147 515 4212; x_wconf 86' lang='lat' dir='ltr'><strong>Both.;</strong></span> <span class='ocrx_word' id='word_1_409' title='bbox 535 4149 580 4214; x_wconf 85' lang='lat' dir='ltr'><strong>Ap</strong></span> <span class='ocrx_word' id='word_1_410' title='bbox 600 4143 723 4205; x_wconf 78' lang='lat' dir='ltr'><strong>censeris,</strong></span> <span class='ocrx_word' id='word_1_411' title='bbox 747 4142 790 4208; x_wconf 73' lang='lat' dir='ltr'><strong>Op</strong></span> <span class='ocrx_word' id='word_1_412' title='bbox 810 4156 912 4208; x_wconf 82' lang='lat' dir='ltr'><strong>censeo,</strong></span> <span class='ocrx_word' id='word_1_413' title='bbox 931 4148 996 4210; x_wconf 85' lang='lat' dir='ltr'><strong>post</strong></span> <span class='ocrx_word' id='word_1_414' title='bbox 1014 4152 1128 4196; x_wconf 70' lang='lat' dir='ltr'><strong>oensem.</strong></span> 
     </span>
    </p>
   </div>
   <div class='ocr_carea' id='block_1_6' title="bbox 0 0 1542 4762">
    <p class='ocr_par' dir='ltr' id='par_1_6' title="bbox 0 0 1542 4762">
     <span class='ocr_line' id='line_1_41' title="bbox 0 0 1542 4762; baseline 0 0"><span class='ocrx_word' id='word_1_415' title='bbox 0 0 1542 4762; x_wconf 95' lang='lat' dir='ltr'><strong> </strong></span> 
     </span>
    </p>
   </div>
  </div>
 </body>
</html>
