3048 4770
255 99 319 162 238
546 90 608 130 ΟΔΡ.
623 91 668 130 XV.
697 89 846 161 DOOTRIM
872 89 1123 132 uneholsmonoll.

254 280 349 344 modo
371 276 464 344 ibid:
489 281 708 342 Rhodiensibus
731 281 761 340 id
784 282 891 356 oberit,
916 282 994 357 qnod
1017 301 1076 343 non
1092 284 1170 343 male
1186 281 1334 350 iecerunt,
1358 282 1414 341 sed

255 379 326 455 qnia
346 381 477 440 voluisse
503 381 642 439 dicuntur
663 375 789 441 lacera?
832 376 950 442 Nasica
971 377 1012 441 ad
1036 375 1189 442 Catonem
1212 395 1263 457 ap.
1288 375 1354 442 Cic.
1370 377 1412 440 de

252 480 333 540 orat.
357 474 400 555 II,
417 477 458 538 64
481 473 523 554 (v.
540 471 659 554 Meyer.
676 492 708 554 p.
725 477 792 551 ool:
816 477 864 536 Ex
886 479 931 536 tui
953 479 1043 538 animi
1066 479 1216 538 sententia
1239 485 1271 536 tn
1286 494 1412 538 uxorem
1497 481 1498 490 ’

251 573 370 634 habes?
412 571 515 636 Plaut.
540 569 654 652 Amph.
678 570 757 652 prol.
786 591 814 637 v.
840 577 896 636 52:
925 575 1003 648 Quid
1033 576 1225 638 contraxistis
1255 572 1412 635 frontem?

252 674 321 747 quia
344 673 527 748 tragoediam
544 673 620 732 -Dixi
642 672 773 732 futuram
795 671 894 732 hanc?
936 669 962 750 I,
989 676 1015 750 1,
1040 675 1118 736 128:
1149 675 1206 736 Ain
1229 689 1318 746 vero,
1342 685 1409 734 ver·

250 768 347 830 hero?
374 771 446 830 deos
476 787 542 830 esse
565 772 609 830 tui
640 772 745 832 similis
767 769 879 846 putas?
922 787 950 831 v.
977 772 1054 834 190:
1076 772 1204 833 Possum
1223 771 1318 844 scire,
1352 787 1410 845 quo

250 866 413 943 proiectus,
437 871 542 944 quoius
565 870 606 929 sis
628 875 681 928 aut
702 870 773 945 qnid
796 869 938 930 veneris?
967 885 994 930 v.
1020 871 1096 933 235:
1119 876 1188 929 tuae
1212 867 1271 928 fide
1295 867 1410 929 credo?

249 963 305 1027 ubi
327 963 518 1030 indicativus
540 965 669 1030 videtur
691 981 750 1046 pro
774 965 854 1030 coni.
877 964 1003 1045 positus
1033 983 1112 1031 esse.
1157 965 1278 1030 Eadem
1307 964 1410 1029 verba

248 1059 404 1141 leguntur
429 1061 500 1128 Ges.
525 1061 563 1144 V,
586 1069 622 1143 4,
646 1067 696 1128 28.
741 1063 863 1128 Eodem
890 1063 985 1128 modo
1016 1063 1186 1128 haesitatio
1212 1062 1277 1126 ind.
1301 1079 1407 1144 praes

248 1177 402 1239 expressa
424 1166 475 1226 est
497 1161 592 1225 Most.
616 1161 676 1242 ΙΙΙ,
693 1165 722 1241 2,
739 1166 794 1225 87:
819 1162 906 1222 con'l
927 1179 997 1224 voco
1019 1165 1077 1223 hnc
1099 1163 1286 1236 hominemi,
1310 1161 1368 1224 ubi
1383 1160 1410 1223 si

246 1258 351 1336 ipsum
374 1260 466 1339 quasi
494 1259 674 1340 interrogat
695 1259 772 1340 qnid
793 1259 972 1324 laciendum
1000 1260 1051 1324 sit.
1094 1259 1177 1323 Item
1200 1259 1267 1325 Mil.
1296 1257 1354 1337 IV,
1379 1262 1408 1337 2,

246 1361 304 1419 45;
338 1361 414 1420 Vocc
444 1358 526 1436 [ego]
555 1377 626 1434 ergo
653 1361 730 1420 hanc
756 1377 832 1436 qnae
865 1367 895 1420 te
923 1359 1079 1433 quaeriti,
1109 1356 1140 1421 h.
1170 1375 1197 1421 e.
1230 1356 1408 1436 vocabone,

246 1454 435 1534 postulasne
462 1474 482 1519 a
508 1473 576 1534 me,
610 1460 649 1519 ut
670 1457 819 1536 vocem?‚
854 1455 950 1520 Poen.
972 1455 1011 1534 V,
1034 1461 1074 1532 4,
1097 1460 1152 1519 54:
1185 1457 1283 1530 Peroe
1315 1459 1408 1516 ctiam

246 1554 389 1615 tentare?
433 1553 507 1617 Terss
529 1553 611 1616 Eun.
635 1553 690 1632 IV,
714 1559 743 1633 7,
765 1560 818 1618 44.
841 1553 969 1617 Phorm.
994 1556 1029 1634 V,
1049 1557 1147 1632 1,1o:
1171 1553 1265 1631 Adeo,
1288 1571 1405 1631 moneo,

247 1653 314 1712 dum
337 1653 411 1712 haec
436 1671 513 1728 quae
530 1655 663 1728 loquitur
685 1657 779 1730 magis
795 1652 964 1729 cognosco?
986 1649 1073 1716 Alibi
1095 1650 1239 1715 futurum
1261 1653 1407 1730 positum

157 1785 159 1793 ι
246 1750 306 1825 est,
330 1753 366 1810 ut
388 1747 493 1816 Plaut.
517 1747 612 1814 Truc.
635 1749 669 1829 Ι,
693 1755 729 1830 2,
755 1753 830 1816 103;
856 1751 915 1810 Ibo
937 1751 1028 1826 igitur
1050 1749 1153 1811 intro?
1190 1747 1276 1812 Alibi
1299 1765 1405 1828 praes.

116 1901 117 1906 ,
246 1844 337 1920 coni,
360 1852 397 1910 ut
419 1845 491 1911 Ter.
514 1847 596 1912 Eun.
619 1847 646 1927 I,
672 1853 699 1918 1,
721 1853 757 1913 4:
781 1849 924 1910 redeam?
947 1846 1073 1912 Phorm.
1097 1845 1135 1928 V,
1159 1851 1188 1925 9,
1212 1851 1269 1913 33;
1302 1857 1404 1908 aetate

244 1951 337 2020 porro
363 1949 458 2007 minus
481 1955 674 2022 peccaturum
691 1946 882 2022 pulcm?'-
904 1945 1007 2011 Plaut.
1024 1945 1136 2025 Amph.
1153 1943 1211 2023 ΙΙΙ,
1236 1949 1264 2015 3,
1280 1949 1317 2008 2:
1342 1949 1404 2007 Iam

244 2061 303 2118 pax
326 2051 373 2104 est
395 2043 502 2121 [iacta]
524 2064 578 2107 uos
599 2048 679 2107 inter
702 2045 798 2128 duos?
826 2041 864 2108 oi.
888 2061 916 2107 v.
941 2049 976 2108 7:
1000 2046 1053 2106 Set
1075 2062 1129 2120 aga
1152 2046 1321 2119 responde:
1345 2046 1404 2104 iam

245 2159 296 2201 vos
319 2143 440 2203 redistis
460 2145 491 2203 in
515 2143 727 2206 concordiam?
771 2141 859 2206 Asin.
881 2140 923 2220 ΙΙ,
948 2145 977 2222 2,
998 2145 1054 2207 42:
1079 2145 1230 2204 Certumst
1253 2141 1403 2203 credere?

246 2237 295 2301 oui
319 2236 461 2302 Libanus
482 2239 671 2321 respondet:
696 2243 848 2302 Audacter
870 2245 951 2301 licet.
985 2246 1014 2319 3,
1040 2231 1098 2304 13:v
1121 2241 1221 2315 Quid?
1245 2243 1309 2299 eius
1334 2241 1405 2299 atri-

246 2339 347 2398 ensis?
374 2337 430 2414 (sc.
454 2338 579 2404 domine
613 2338 707 2417 est?).
753 2345 790 2418 4,
813 2346 833 2402 4
856 2355 920 2418 sq.:
937 2340 1045 2400 Hodie
1069 2325 1185 2400 salvere
1217 2339 1291 2398 iussi
1315 2339 1405 2397 Liba-

245 2455 314 2496 num
348 2439 511 2499 libertum?
545 2441 603 2499 iam
631 2444 751 2498 mannst
778 2437 940 2510 emissus?,
973 2434 1060 2516 quod
1094 2453 1165 2500 cnm
1198 2433 1406 2498 acerbissima

244 2531 391 2597 irrisione
425 2533 543 2599 dictum
578 2537 636 2599 est.
681 2555 710 2600 v.
736 2539 792 2600 31:
827 2537 890 2596 Iam
925 2553 981 2611 pro
1013 2537 1039 2595 is
1071 2535 1146 2596 satis
1180 2533 1253 2593 iecit
1280 2533 1407 2594 Sticho?

245 2647 273 2694 v.
299 2635 353 2694 78:
378 2633 526 2712 Furcifer,
549 2641 665 2694 nosmet
687 2634 816 2710 fugitare
840 2632 970 2694 censes?
1013 2629 1072 2710 ΙΙΙ,
1098 2635 1133 2710 3,
1154 2635 1213 2694 48:
1236 2632 1299 2691 Iam
1324 2631 1407 2690 dedit

246 2729 424 2804 argentum?
472 2727 511 2817 V,
536 2733 569 2805 2,
599 2733 639 2794 28
655 2747 701 2811 sq.
731 2748 760 2794 v.
786 2736 841 2796 79:
869 2733 931 2792 Iam
968 2731 1151 2805 subrupuisti
1178 2732 1289 2805 pallam
1319 2746 1407 2804 quam

246 2834 348 2888 scorto
376 2828 489 2889 dures?
532 2827 602 2891 Aul.
627 2827 674 2903 ΙΙ,
699 2832 734 2905 2,
765 2833 822 2894 37:
857 2833 995 2890 Aetatem
1030 2845 1125 2888 meum
1162 2827 1244 2889 scis?
1287 2845 1317 2889 v.
1347 2831 1406 2889 77:

247 2926 324 2999 Quid
347 2926 448 2986 nnnc?
478 2928 568 2987 etiam
595 2928 667 2987 mihi
697 2929 865 3004 despondes
888 2927 1001 2988 filiam?
1044 2929 1080 3003 a,
1102 2929 1139 2988 8:
1163 2927 1240 2986 Sunt
1262 2925 1407 2986 asseres?

245 3021 305 3102 ΙΙΙ,
330 3027 357 3102 2,
383 3029 439 3090 3οε
471 3026 537 3086 Scis
562 3028 620 3085 iam
643 3043 738 3086 meam
766 3023 968 3088 sententiam?
1013 3026 1041 3102 6,
1065 3027 1101 3086 2:
1129 3023 1219 3086 Ain'?
1242 3023 1406 3086 audivisti?

244 3119 301 3192 IV,
328 3128 375 3201 10,
399 3128 435 3187 31
452 3139 512 3203 sq.:
535 3127 578 3184 ita
599 3131 629 3183 te
654 3125 764 3184 amabit
787 3125 932 3202 Iuppiter,
954 3125 997 3184 Ut
1018 3130 1049 3183 tu
1073 3123 1196 3184 nescis?
1219 3120 1262 3196 (h.
1284 3137 1313 3184 e.
1335 3124 1409 3200 pot·

246 3238 321 3285 esne
343 3221 469 3299 iurare,
503 3221 550 3284 ita
572 3227 604 3284 te
627 3221 709 3284 velle
732 3221 832 3284 amari
854 3218 979 3298 alone,
1004 3222 1078 3284 cett.
1102 3219 1201 3284 Recte
1216 3217 1407 3284 Lambinus:

248 3317 359 3398 „Hanc
381 3317 587 3382 iurisiurandi
615 3316 785 3382 formulam
811 3317 966 3398 ‘Lyconidi
995 3318 1187 3398 praescribit
1212 3316 1341 3393 Euclio,
1373 3320 1409 3378 ut

247 3433 307 3495 per
337 3433 407 3478 eam
437 3416 536 3492 iuret,
566 3433 602 3480 se
622 3416 746 3480 nescire
770 3415 846 3495 quid
869 3415 1017 3480 Euclioni
1048 3415 1091 3480 sit
1113 3411 1352 3494 surreptum.“).
1376 3431 1404 3477 v,

247 3520 287 3578 4-3
305 3531 364 3592 sq.:
389 3521 477 3590 atque
501 3517 531 3573 id
555 3518 581 3576 si
604 3518 698 3591 scies,
723 3517 780 3589 Qui
803 3517 971 3589 abstulerit,
991 3518 1065 3576 mihi
1085 3515 1258 3576 indicabis?
1303 3511 1343 3591 V,
1369 3517 1404 3574 b:

247 3615 409 3674 Strobilum
433 3614 517 3674 video
534 3619 589 3687 eg'o
605 3614 693 3690 bunc,
717 3631 833 3674 servom
856 3614 989 3692 meum?,
1016 3610 1048 3674 h.
1072 3629 1099 3675 e.
1120 3610 1326 3676 strobilusne
1347 3614 1405 3686 est,

247 3726 341 3788 quem
364 3708 415 3772 hic
439 3709 554 3774 video?
577 3711 638 3789 (Ap
662 3713 748 3788 hooc,
772 3709 857 3790 quod
881 3709 983 3774 Goell.
1008 3709 1125 3787 omisit,
1149 3707 1286 3773 fortasse
1309 3713 1404 3782 recte,

246 3812 284 3871 ut
306 3810 442 3871 metrum
466 3811 614 3871 servetur
637 3808 855 3884 trochaicum).
902 3807 993 3886 Capt.
1017 3807 1097 3887 prol.
1127 3825 1155 3869 v.
1181 3811 1241 3870 lo:
1268 3810 1328 3887 iam
1351 3809 1406 3865 hoc
1487 3867 1490 3878 ,

246 3906 377 3968 tenetis?
421 3903 463 3983 ΙΙ,
487 3909 517 3984 2,
542 3910 595 3968 12:
621 3907 770 3982 Captost?
793 3907 848 3983 (=-
871 3909 1026 3986 captusne
1049 3905 1146 3980 est?).
1180 3903 1247 3980 -IV,
1268 3907 1301 3982 2,
1328 3907 1405 3966 102:
1497 3993 1498 3998 γ

244 4005 403 4066 Iamdiu?
446 4003 503 4066 ib:
527 4004 637 4064 Venit?
682 4001 774 4067 Cura
798 4002 836 4083 V,
860 4010 894 4076 2,
925 4009 980 4067 23:
1011 4005 1099 4064 Licet
1122 4003 1289 4063 antestari?
1335 3999 1403 4065 Cas.
1497 4005 1498 4076 l

246 4102 287 4173 11,
311 4107 406 4181 3,-34
430 4119 476 4180 sq.
500 4119 528 4162 v.
554 4105 609 4165 54:
635 4104 687 4162 Vis
710 4105 770 4162 tuis
786 4097 942 4164 Chalinum
965 4104 1023 4164 huc
1038 4097 1160 4164 evocem
1182 4102 1281 4164 verbis
1304 4098 1404 4162 ieras?
