3090 4768
530 169 569 210 DE
586 170 736 212 suburbio
751 171 789 210 ET
804 169 981 212 GERUNDIVO.
1302 175 1345 236 59

190 377 227 420 ca
256 361 323 420 oleo
351 359 486 420 mando.
531 358 655 426 Terent.
679 361 739 426 Ad.
762 359 800 438 V,
825 365 854 438 9,
878 363 932 424 31:
963 361 1004 420 ut
1032 359 1062 420 id
1089 359 1276 418 ostenderem
1300 389 1344 400 --

190 459 227 518 Id
251 476 308 518 non
332 457 396 518 fieri
421 477 456 518 ex
480 477 550 521 rere
575 463 752 540 vitareque
777 461 851 520 odeo
876 477 912 518 ex
935 475 1029 534 aequo
1053 465 1083 516 et
1105 457 1196 530 bono,
1227 458 1283 515 Sed
1308 474 1347 516 ea·

191 555 383 632 adsentando,
418 553 595 630 indaiomdo
631 567 660 618 et
696 557 857 632 mediando.
903 553 940 618 ln
974 551 1209 634 comparatione
1238 551 1342 618 Pleut.

188 649 304 716 Bacch·
327 650 386 730 ΙΙΙ,
411 657 438 731 2,
462 657 495 716 8:
531 656 608 716 Cave
643 658 683 716 sis
711 663 742 716 tu
770 671 912 728 superare
938 671 1053 716 servom
1084 654 1170 714 sienis
1201 651 1346 724 saciando

189 751 274 812 bene.
311 754 418 828 4,16:
447 754 617 814 Mendicnm
641 755 738 814 malim
762 753 954 826 mendicando
977 752 1103 830 vincere.
1149 747 1343 828 Saepissime

188 853 295 918 antem
317 847 350 910 id
372 847 404 910 in
427 847 568 912 ablativo
588 850 687 925 inest,
718 866 780 928 qno
804 847 923 928 aliquid
945 844 995 924 fit,
1020 847 1086 912 sive
1110 864 1237 912 causam
1262 846 1341 911 dicis

187 944 253 1008 sive
269 945 522 1010 instrumentum.
548 945 627 1012 Cato
641 947 676 1010 R.
692 947 727 1010 R.
742 965 767 1010 c.
785 952 860 1012 139:
886 945 1148 1025 Harnmcejrerum
1165 964 1235 1021 ergo
1251 949 1345 1010 macic

187 1045 241 1104 loe
260 1061 348 1118 porco
368 1045 488 1118 piacola
509 1047 690 1107 immolando
712 1055 785 1108 esto.
822 1043 855 1108 0.
882 1049 955 1108 141:
977 1050 1072 1106 macic
1094 1045 1172 1104 bisce
1192 1045 1342 1104 ennolion·

187 1143 295 1202 rilibas
318 1143 490 1204 recondens
511 1144 698 1206 immolandis
722 1153 795 1205 esto.
840 1141 902 1206 ln:
925 1147 1019 1203 macie
1041 1143 1119 1202 bisce
1141 1142 1345 1202 snoeitoam'li·

189 1241 241 1299 bns
270 1240 459 1300 immolandis
489 1250 562 1302 esto.
608 1240 730 1305 Ennius
761 1257 812 1320 ap.
839 1239 971 1304 Festum
1002 1257 1030 1301 v.
1055 1238 1175 1318 prodit:
1208 1241 1343 1301 Noenum

186 1337 333 1410 sperando
361 1339 467 1412 cupide
496 1357 557 1398 rem
588 1342 716 1416 prodere
745 1359 895 1402 summanr.
947 1336 1110 1402 Eumenid.
1140 1335 1175 1399 ir.
1205 1341 1238 1400 3:
1277 1339 1343 1397 Nisi

187 1442 305 1511 patrem
333 1440 466 1495 materno
493 1439 637 1510 sananim
666 1439 849 1498 econclondo
877 1439 1061 1500 ulciscereris.
1104 1433 1207 1498 Pleut.
1230 1430 1343 1512 Amph.

183 1530 241 1610 IV,
268 1538 293 1600 l,
317 1535 353 1594 6:
384 1533 453 1592 Sum
474 1535 609 1596 defessus
632 1537 834 1608 quaeritanda.
879 1533 974 1598 Poen.
997 1532 1022 1612 I,
1048 1538 1074 1602 2.
1102 1537 1157 1596 14;
1185 1531 1343 1608 Apparen-

184 1631 284 1706 daque
312 1647 392 1702 aqna
419 1642 489 1692 sunt
517 1635 571 1692 viri
599 1633 656 1694 dno
684 1635 802 1696 defessi.
849 1631 946 1698 Stich.
974 1631 1016 1709 ΙΙ,
1051 1637 1074 1711 Ι,
1102 1637 1159 1694 41:
1199 1631 1343 1692 Defessus

186 1747 251 1790 snm
270 1729 426 1802 pallando.
472 1727 599 1792 Terent.
624 1729 703 1794 Eun.
729 1730 766 1808 V,
791 1734 819 1806 6,
845 1737 877 1794 7:
912 1731 1039 1792 Defessa
1067 1733 1124 1790 iam
1148 1749 1209 1790 sum
1234 1723 1345 1789 misera

187 1831 218 1885 te
242 1827 373 1887 ridendo.
418 1824 555 1906 Adelph,
576 1826 618 1902 Π,
643 1831 671 1904 2,
697 1833 731 1892 5:
766 1833 830 1904 Ego
862 1829 1045 1904 oapalando,
1072 1831 1123 1888 ille
1153 1827 1342 1907 nordmannia,

185 1943 280 2000 usque
308 1926 393 1986 ambo
425 1925 535 1986 defessi
566 1946 672 1988 sumus.
718 1926 824 1990 Plaut.
849 1926 935 1990 Asin.
959 1925 996 2004 V,
1020 1929 1049 2003 2,
1071 1929 1125 1989 23;
1163 1926 1255 2000 Opere
1280 1928 1343 1986 illic

184 2022 260 2084 loris
282 2022 425 2094 sociande
448 2025 544 2085 lassus
566 2035 654 2086 nocte
679 2025 729 2101 [ad
752 2023 812 2101 me]
836 2029 963 2086 advenit.
1009 2022 1098 2104 Oapt.
1122 2023 1181 2100 111,
1206 2028 1234 2101 2,
1259 2027 1286 2085 3.
1303 2030 1347 2086 4:

183 2122 231 2180 Ita
255 2118 359 2194 [nunc]
384 2139 429 2180 rne
453 2126 591 2187 misorum
614 2125 789 2201 restitando,
812 2125 964 2184 retinendo
989 2126 1112 2184 Laesum
1137 2123 1342 2194 reddiderunt,

186 2215 243 2280 ubi
268 2215 419 2280 Taubm.:
445 2223 630 2297 „restitando
645 2249 688 2270 =
704 2220 779 2284 dum
803 2220 864 2300 ipsi
890 2221 1001 2284 crebro
1025 2217 1240 2296 consistuut“;
1265 2234 1340 2280 cave

189 2318 299 2378 tamen
321 2331 379 2394 pro
403 2315 462 2380 abl.
489 2318 643 2396 temporis
666 2317 814 2397 accipias,
839 2318 893 2396 qui
917 2321 967 2380 est
988 2317 1199 2380 instrumenti.
1224 2314 1340 2380 Bacch.

185 2411 245 2490 111,
270 2416 299 2486 3,
324 2417 380 2476 m:
405 2414 449 2476 mi
473 2433 562 2476 carso
585 2399 721 2478 minam
744 2417 823 2476 onoc
845 2419 932 2478 oneo
949 2417 1089 2492 popilien
1104 2417 1173 2489 otto
1196 2414 1344 2475 narranda

187 2529 253 2573 sese
277 2514 459 2574 exercebant
489 2518 580 2590 magis
610 2534 696 2592 quam
719 2519 813 2576 scorto
841 2523 893 2576 aut
913 2517 1019 2590 sonim,
1051 2512 1136 2592 quod
1161 2510 1340 2590 exemplum

186 2608 362 2674 Weissenb.
383 2629 416 2690 p.
441 2615 502 2676 150
531 2611 636 2676 adnot.
666 2616 728 2676 302
759 2611 823 2677 tale
853 2613 1002 2692 proponit
1032 2612 1064 2674 in
1093 2627 1155 2690 quo
1184 2608 1341 2690 gerundia

183 2725 254 2771 cum
279 2707 459 2772 nominibus
482 2710 649 2774 coniuncta
671 2709 742 2774 sint
789 2709 878 2774 Idem
900 2710 1017 2775 factum
1041 2716 1091 2774 est
1114 2709 1241 2772 Terent.
1259 2706 1337 2770 Hee.

186 2805 213 2884 1,
236 2809 265 2882 2,
288 2808 344 2868 48;
370 2809 531 2868 Tundendo
560 2817 648 2886 atque
676 2811 742 2871 odio
765 2812 891 2884 denique
921 2812 1148 2880 adsenseum,
1180 2812 1213 2873 et
1236 2805 1340 2868 mam.

187 2902 273 2966 Asin.
307 2902 332 2981 1,
363 2908 391 2980 3,
424 2909 463 2970 69
493 2923 555 2984 sq.:
594 2909 674 2968 Bene
707 2909 864 2968 salutando
901 2916 1112 2978 consuescunt,
1149 2905 1343 2979 cormellondo

185 3004 348 3078 blanditer,
374 3002 584 3074 Anscnlando,
606 3008 739 3066 motione
760 3007 899 3074 cinnam,
921 3007 1090 3078 ocnnslmla,
1116 3003 1169 3067 ubi
1194 3002 1342 3066 Teubmn

183 3123 248 3178 „=
270 3100 346 3161 dnm
369 3100 580 3181 salutantur“,
599 3104 661 3166 sed
684 3101 815 3183 ablativi
839 3102 1108 3166 substantivorum
1132 3098 1268 3180 appositi
1285 3098 1338 3162 do·

188 3205 271 3274 cent,
293 3214 352 3276 pro
375 3197 597 3263 instrumentis
621 3201 777 3282 gerundia
799 3218 870 3264 esse
893 3198 1085 3278 accipienda.
1110 3197 1201 3278 Epid.
1224 3195 1284 3276 ΙΙΙ,
1310 3201 1339 3274 2,

185 3298 239 3359 16;
280 3297 450 3370 Ropiiando
486 3317 548 3360 sum
585 3319 694 3362 raucus
731 3301 842 3374 factus,
887 3318 982 3376 paene
1021 3302 1050 3359 in
1088 3317 1177 3360 cursu
1213 3299 1341 3358 conddi.

181 3394 301 3458 Pseud.
324 3392 380 3472 IV,
404 3401 432 3471 4,
456 3399 491 3458 8:
514 3416 565 3458 cor
589 3406 773 3460 retunsumst
795 3399 988 3474 connonondo
1006 3402 1132 3472 pectore.
1178 3395 1266 3458 Pers.
1283 3393 1342 3473 IV,

183 3495 214 3568 6,
239 3497 272 3556 7:
295 3494 397 3554 Lucro
419 3495 560 3567 inmunda
584 3515 638 3572 ego
662 3500 814 3572 auspicavi
839 3500 878 3569 lv.
901 3493 1058 3560 Luebker.
1083 3495 1121 3558 de
1145 3492 1197 3556 inf.
1219 3511 1249 3574 p.
1274 3493 1338 3572 19),

184 3590 270 3670 quod
301 3590 412 3654 dubito
440 3609 481 3655 an
511 3610 570 3672 pro
598 3592 705 3656 dativo
736 3591 779 3658 sit
806 3591 1033 3670 accipiendum.
1086 3592 1167 3656 Rnd.
1191 3592 1222 3667 1,
1247 3597 1280 3668 3,
1304 3596 1337 3656 3:

180 3688 363 3762 mpcrmnao
386 3694 411 3752 is
434 3693 521 3753 datur
544 3695 692 3756 acerbum.
737 3690 831 3754 Truc.
848 3689 885 3770 V,
901 3710 929 3753 v.
948 3695 1001 3754 24:
1025 3695 1072 3752 lte
1094 3696 1184 3755 miser
1207 3693 1340 3760 cubando

180 3791 212 3848 in
245 3791 323 3848 lecto
354 3790 402 3848 bic
433 3791 623 3864 exspectando
647 3792 783 3864 obdurui,
815 3787 869 3852 ubi
896 3787 984 3867 prius
1003 3789 1192 3868 gerundium
1216 3787 1339 3854 accedit

182 3885 224 3948 ad
265 3883 529 3966 significationem
563 3888 725 3966 temporis.
788 3885 824 3950 L.
848 3885 975 3950 Aemilii
1008 3885 1111 3949 Paulli
1142 3884 1338 3950 Macedonici

184 3984 287 4046 oratio
315 4001 365 4064 ap.
391 3983 498 4050 Veler.
522 3985 650 4050 Maxim.
675 3985 714 4065 V,
747 3989 795 4063 10,
827 3989 864 4048 2:
902 3986 1057 4046 annuendo
1091 3989 1167 4048 rotis
1201 3989 1273 4048 meis
1307 3986 1338 4042 id

184 4092 319 4160 egerunt,
351 4097 383 4146 ut
406 4088 479 4148 cett.
517 4083 645 4148 Terent.
669 4084 767 4148 Andr.
789 4081 870 4163 prol.
897 4101 926 4147 v.
951 4085 1006 4146 17:
1041 4086 1206 4144 Faciuntne
1229 4082 1339 4141 intelle-

181 4185 284 4256 9endo‚
306 4192 339 4244 ut
362 4187 435 4244 nihil
459 4183 658 4258 intellegant?
688 4182 768 4246 Eun.
793 4180 831 4261 V,
856 4186 885 4261 2,
909 4183 943 4244 8;
966 4184 1157 4242 miserrumus
1181 4183 1237 4240 Fui
1259 4179 1340 4251 sapl-
