3090 4768
430 167 486 208 tris.
500 166 555 206 PRO
571 165 699 205 oninc'ro
715 165 883 206 seueriore
898 165 1027 209 rosires.
1263 171 1305 233 43

151 371 273 428 operam
303 356 368 418 iace
400 358 546 434 conpendi
574 375 722 432 quaerere.
773 353 860 420 Asin.
883 353 925 433 V,
957 357 990 433 2,
1020 355 1076 417 62:
1111 354 1237 428 Tereus
1265 355 1309 414 est

153 453 316 513 sabdrreere
345 456 413 518 hinc
441 473 496 516 me.
543 452 637 519 Most.
661 452 719 532 ΙΙΙ,
743 457 772 534 2,
804 457 857 518 25:
893 459 1003 528 tempus
1033 470 1110 514 nunc
1141 457 1183 512 est
1205 469 1306 513 senem

151 550 232 612 hune
255 552 375 626 adloqui
396 553 477 614 mihi.
509 550 637 616 Terent.
661 549 738 616 Hee.
762 549 799 630 V,
823 555 852 626 4,
876 555 909 615 2:
932 553 977 612 Ne
1000 569 1046 612 me
1070 553 1099 612 in
1122 552 1211 612 breve
1235 567 1306 611 con·

148 648 236 708 licies
261 651 371 722 tempus
392 651 500 728 gordio
522 651 578 710 hoc
602 649 677 712 ielso
700 651 772 722 frui,
795 648 836 712 ad
858 665 886 728 q.
910 648 931 712 l.
955 645 1191 713 Schmiederus:
1228 646 1307 725 „frui

151 747 201 808 est
225 743 339 810 Graec.
363 761 451 812 more
474 763 550 827 pro:
573 755 607 810 ut
630 749 721 810 fruar.
766 745 837 811 Non
859 764 933 811 raro
956 755 1073 822 tempus
1095 742 1239 824 iungitur
1260 743 1307 806 in-

151 838 275 906 finitivo
299 861 358 924 pro
382 845 551 926 gerundi03
574 853 690 921 tempus
711 842 817 922 gaidio
833 845 892 906 troi
907 848 958 910 est
973 849 1100 928 tempus
1116 837 1304 924 gaudendi.“

148 939 303 1005 Fortasse
325 941 388 1006 hnc
410 947 558 1022 spectant
580 940 676 1006 etiam
699 942 803 1007 omnia
826 959 863 1006 ee
887 940 1040 1022 exempla,
1065 939 1119 1005 ubi
1142 941 1245 1002 lubido
1261 947 1308 1003 est

153 1037 302 1117 sequitur
324 1037 506 1122 infinitivus,
531 1057 612 1121 quae
634 1039 820 1107 dubitanter
841 1038 882 1102 ad
905 1040 924 1117 §
949 1043 967 1103 2
989 1038 1098 1103 retuli.

237 1136 266 1200 b.
295 1139 461 1200 Adiectiua.
506 1138 610 1202 Plaut.
634 1137 720 1202 Trin.
745 1155 773 1202 v.
798 1141 837 1201 76
862 1137 900 1218 (Ι,
925 1142 955 1218 2,
980 1136 1052 1214 39):
1088 1145 1120 1198 ut
1147 1143 1178 1198 te
1206 1137 1308 1197 vtem

148 1233 315 1312 audireque
345 1240 457 1311 aeprotr'
480 1239 566 1300 sient.
624 1234 864 1302 Schmiedcrus:
896 1231 1137 1315 „aversentnr.“
1191 1232 1308 1296 Linde·

147 1348 300 1398 mannus:
325 1352 416 1412 „cum
439 1337 471 1398 te
492 1333 620 1403 videant
642 1331 844 1398 audiantve.“
889 1333 1004 1398 Immo:
1028 1333 1054 1398 si
1077 1331 1109 1396 id
1130 1331 1247 1412 agitur,
1272 1333 1309 1394 nt

151 1431 186 1495 te
218 1429 351 1497 videant
383 1429 585 1510 audientque.
631 1431 721 1511 Epid.
745 1430 793 1510 Il,
818 1435 851 1512 2,
878 1437 928 1496 13:
966 1451 1022 1508 per
1055 1449 1169 1492 omnem
1204 1429 1307 1489 urbem

157 1545 245 1603 quem
275 1548 338 1590 sum
367 1531 499 1603 defessus
526 1549 675 1604 quaerere.
721 1528 760 1600 V,
783 1535 812 1607 2,
838 1534 891 1594 55:
925 1533 990 1606 Ego
1019 1548 1081 1591 sum
1110 1528 1240 1600 defessus
1262 1544 1308 1587 re-

141 1627 264 1702 perire,
287 1647 338 1688 vos
361 1629 467 1701 defessi
489 1647 637 1702 quaerere.
684 1625 781 1690 Mere-
804 1626 858 1705 IV,
884 1631 912 1707 5,
937 1632 969 1694 3:
1001 1628 1144 1700 Defessus
1171 1643 1234 1686 snm
1258 1643 1307 1684 ur·

149 1725 218 1784 bem
243 1731 336 1786 totam
354 1728 559 1800 peraruarier.
604 1723 718 1790 Pseud.
743 1723 799 1805 IV,
824 1731 852 1802 7,
877 1729 908 1789 3:
934 1745 1016 1788 suum
1032 1726 1082 1801 qni
1105 1723 1236 1786 officinm
1259 1721 1307 1794 sa·

150 1839 214 1882 cere
242 1823 387 1884 tumuuer
414 1833 470 1886 est.
516 1821 608 1888 Ennii
638 1821 740 1889 annal.
766 1822 785 1885 l.
811 1822 887 1900 Vll,
915 1821 953 1887 ir.
980 1825 1033 1885 12:
1068 1824 1145 1883 alter
1169 1837 1307 1894 papum

143 1925 297 1993 paratust.
342 1917 446 1989 Plane.
468 1918 579 2002 fragm.
605 1919 726 1986 eisteti.
749 1939 779 2002 p.
804 1926 880 1985 477:
909 1920 1004 1996 potin'
1033 1939 1066 1982 es
1094 1927 1126 1980 tu
1150 1921 1237 1980 homo
1260 1917 1306 1978 ia·

151 2019 237 2078 cinus
261 2017 361 2089 faeere
383 2019 560 2085 strenuam?

239 2133 264 2178 c.
300 2119 404 2180 Verba.
436 2114 515 2182 Cato
539 2117 570 2181 in
593 2117 694 2198 origg.
715 2115 742 2180 l:
760 2116 837 2181 Vll:
871 2120 969 2180 Multa
996 2134 1041 2176 me
1064 2116 1220 2176 dehortata
1241 2117 1311 2175 suut

149 2211 211 2274 hec
229 2215 363 2290 prodire.
408 2213 444 2280 R.
467 2214 505 2279 R.
530 2233 556 2281 c.
583 2221 612 2278 1:
637 2231 710 2276 neve
739 2232 831 2288 opera
860 2224 912 2276 tue
932 2233 1045 2289 pareas
1072 2216 1180 2281 uisere,
1208 2222 1253 2302 ³²,
1270 2229 1306 2270 ne

150 2309 227 2372 salis
261 2311 371 2374 habeas
405 2318 495 2375 semel
530 2313 691 2376 circumire.
735 2309 839 2374 Pleni.
869 2311 962 2391 epid.
986 2309 1049 2389 ΙΙΙ,
1078 2314 1112 2386 4,
1143 2314 1195 2374 28;
1232 2311 1309 2368 Nam

152 2409 226 2484 qnid
248 2427 303 2484 ego
326 2414 405 2489 apud
428 2420 456 2472 te
474 2429 601 2486 percara
619 2411 776 2488 proloqui?
822 2407 935 2474 Bacch.
948 2408 1004 2490 IV,
1018 2413 1046 2487 8,
1060 2411 1113 2472 69;
1139 2409 1216 2470 (lave
1237 2423 1310 2480 par-

151 2506 196 2567 sis
223 2510 254 2568 in
281 2525 347 2571 eum
374 2511 476 2572 dieue.
525 2507 612 2572 Pers.
638 2505 682 2586 ΙΙ,
708 2512 741 2587 5,
767 2513 820 2572 ll:
855 2527 994 2585 pressere
1024 2525 1125 2583 perae.
1178 2502 1306 2568 Terent.

151 2601 232 2667 Hec.
257 2601 316 2684 ΙΙΙ,
343 2611 369 2683 Ι,
395 2613 428 2672 2:
459 2610 583 2670 hancine
608 2627 661 2682 ego
685 2610 773 2668 vitem
791 2609 880 2682 parsi
896 2607 1043 2682 perdere?
1087 2602 1181 2667 Ennii
1204 2599 1307 2665 annal.

153 2699 176 2764 l.
199 2700 303 2780 XVII,
326 2701 363 2766 ir.
389 2710 416 2766 5.
441 2723 468 2768 v.
493 2710 571 2770 425:
593 2708 700 2766 iiuctns
723 2707 859 2766 extollere
880 2710 1001 2769 certant.
1032 2699 1217 2783 Iphigeniae
1234 2697 1272 2761 ir.
1291 2703 1308 2762 2

154 2797 204 2874 (p,
228 2819 256 2864 v.
280 2801 396 2882 pedum
418 2821 449 2883 p.
474 2807 535 2867 249
560 2798 627 2875 Mi:

449 2903 597 2976 Procede;
621 2903 742 2978 gradum
760 2902 901 2976 proferre
923 2903 1030 2975 pedum

453 3002 562 3062 Nitere.
613 3002 721 3062 Cessas
744 2999 808 3059 —i

154 3090 318 3156 Telamon.
334 3093 370 3159 ir.
385 3101 419 3162 8:
444 3102 521 3161 Dein
546 3103 625 3161 senis
649 3117 694 3158 me
718 3098 817 3172 [acue
839 3099 949 3172 pietas,
974 3097 1081 3156 civium
1093 3097 1192 3170 porcat
1207 3092 1311 3167 pedor.

156 3189 331 3258 Alexandri
354 3192 391 3259 fr.
416 3201 443 3275 Ι,
467 3216 495 3260 v.
520 3200 575 3260 67:
606 3202 790 3271 temperaret
821 3198 937 3257 tollere.
982 3192 1087 3256 Plaut.
1111 3184 1311 3267 Poenprel.

156 3291 214 3353 22:
238 3293 368 3355 dormire
392 3303 567 3372 temperent.
614 3311 642 3358 v,
661 3298 714 3360 33:
742 3295 859 3356 Genera
882 3295 928 3354 hic
952 3311 1022 3355 voce
1047 3309 1099 3352 sua
1120 3289 1229 3349 liuuire
1245 3290 1314 3347 tem-

149 3397 268 3470 perent.
315 3389 353 3471 V,
378 3395 406 3469 2,
433 3397 487 3456 76;
511 3395 690 3456 Maledicere
713 3393 781 3452 huic
804 3400 835 3451 tn
859 3391 1038 3465 temperabis.
1067 3386 1158 3451 Cure.
1174 3384 1199 3463 Ι,
1214 3389 1242 3463 3,
1259 3387 1313 3446 24;

156 3491 234 3550 Dum
258 3493 299 3550 mi
322 3492 491 3564 apstiueaut
509 3495 650 3554 iuuidere.
695 3487 733 3568 V,
758 3492 786 3567 2,
811 3491 865 3551 72:
891 3489 966 3562 Quid
990 3504 1094 3564 cusae,
1116 3487 1212 3558 miles,
1237 3482 1314 3542 hano

157 3588 227 3648 huic
251 3607 372 3649 uxorem
396 3589 488 3651 dare?
524 3590 612 3656 Pers.
636 3589 660 3664 I,
685 3592 714 3666 3,
738 3590 794 3650 32;
818 3589 888 3662 quid
911 3603 1055 3648 cessamus
1077 3586 1223 3661 proelium
1239 3597 1315 3639 com-

156 3690 293 3750 mittere?
336 3683 379 3765 ll,
403 3692 431 3768 2,
459 3693 514 3753 15:
545 3693 629 3753 Cesso
658 3689 703 3747 ire
726 3704 793 3762 ego,
822 3704 880 3760 quo
903 3688 994 3746 missa
1017 3681 1102 3744 sum?
1146 3676 1202 3758 IV,
1226 3682 1256 3755 4,
1279 3681 1313 3741 3:

157 3787 309 3862 Numquid
331 3792 479 3868 principio
502 3789 627 3850 cessauit
647 3786 768 3846 verbnm
793 3785 878 3844 docte
902 3782 1020 3842 dicere?
1065 3777 1120 3858 IV,
1137 3782 1166 3856 9,
1183 3781 1214 3841 5:
1239 3775 1316 3850 Quid

160 3901 215 3959 ego
238 3886 331 3959 igitur
353 3907 430 3950 cesso
452 3888 556 3950 infelix
579 3883 770 3945 lamentarier
786 3882 847 3940 -··?
868 3878 983 3944 Bacch.
1000 3877 1038 3956 V,
1055 3883 1083 3958 2,
1102 3881 1156 3942 52ῑ
1180 3877 1221 3936 Ut
1237 3877 1315 3935 istac

159 3985 303 4048 delictum
326 3988 449 4050 assas
471 3992 555 4048 tento
577 4000 667 4059 opere
695 3983 740 4040 ire
763 3989 973 4056 oppugnatum.
1018 3975 1099 4042 Ruti.
1123 3973 1182 4052 Ill,
1206 3978 1234 4051 3,
1259 3975 1315 4034 20:

158 4087 278 4148 Desiste
306 4087 393 4146 dictis
421 4091 581 4145 nunciam
605 4083 741 4142 miserem
770 4077 926 4140 camelari.
971 4074 1043 4140 nul.
1066 4074 1108 4154 ΙΙ,
1134 4078 1163 4152 5,
1187 4076 1243 4136 15:
1278 4085 1315 4128 ne

160 4203 281 4260 operam
300 4184 411 4258 perdas
430 4198 556 4258 poscere.
600 4177 724 4242 Lamb.:
750 4203 812 4258 „==
833 4175 864 4240 in
887 4171 1076 4254 poscendo.“
1120 4169 1214 4234 Most.
1232 4166 1268 4245 V,
1286 4169 1316 4245 2,
