3048 4770
219 167 283 228 208
618 155 810 198 sornomvmt.
838 155 900 197 cuv.
916 155 972 194 xlv.

218 352 360 412 Potentes
383 353 460 414 dites
491 351 637 414 fortunali
667 352 797 418 nobiles,
824 349 901 408 Tmo
922 363 1134 408 mahumetos
1159 361 1254 420 aequo
1278 345 1377 404 animo

220 465 317 524 nequo
340 467 464 512 noscero
489 453 625 526 Oportet.
656 443 873 510 Memorabilis
897 448 947 507 eat
969 442 1065 507 etiam
1089 440 1226 505 formula
1240 447 1275 502 ot
1289 453 1378 516 quom

216 565 365 608 macoma.
410 547 487 612 Hac·
510 545 535 618 1,
559 551 589 617 2,
612 548 670 610 40:
699 546 842 619 Amabat,
870 547 905 604 at
930 559 1016 617 quom
1038 559 1184 610 macoma,
1204 547 1268 601 'tum
1290 541 1378 601 Pam-

222 646 339 720 philus,
367 644 409 708 ad
431 661 460 724 q.
484 643 505 708 l.
534 642 677 708 Ruhnk:
709 639 903 722 „Sententia
925 645 991 705 est:
1021 637 1212 704 Bacchidem
1241 639 1287 701 itu
1308 641 1379 701 tum
1439 683 1445 694 .

217 741 350 807 amuhat
373 745 409 805 ut
430 760 501 806 cum
523 742 659 806 maxime
682 757 753 805 eam
775 737 931 803 amarat.“
977 737 1081 802 Maior
1102 737 1151 800 vis
1176 735 1305 800 additur
1325 753 1380 800 su·

222 837 379 918 perlativo
409 841 508 906 verbo
538 843 726 904 mammeam.
776 836 879 901 Plaut.
912 836 1024 916 Amph.
1048 833 1091 910 ΙΙ,
1108 838 1137 914 2,
1160 839 1236 898 213;
1260 838 1305 896 Ne
1322 835 1381 895 ista

219 939 330 1014 edepol
352 973 394 982 —
416 928 626 1002 examassimst
647 945 775 1015 mama.
821 933 1016 1018 Superlativi
1039 933 1104 997 vim
1126 931 1225 996 habet
1242 950 1301 1007 per
1323 947 1383 1011 per

223 1036 485 1116 compositionem
507 1051 579 1100 cum
602 1035 740 1116 positivo
763 1034 916 1105 iunctum,
939 1035 977 1096 ut
998 1031 1070 1096 Ter.
1093 1029 1174 1096 Eun.
1197 1029 1257 1111 111,
1275 1033 1304 1106 2,
1323 1033 1380 1094 15:

222 1135 407 1210 Perpulchra
429 1136 519 1196 orado
542 1138 620 1198 dona
642 1131 694 1196 aut
716 1142 850 1212 nostrum
874 1134 992 1210 similia,
1016 1129 1093 1194 item
1114 1147 1203 1204 omum
1224 1125 1383 1209 particula

224 1249 296 1296 cum
318 1231 465 1310 positivo,
489 1235 526 1296 ut
548 1233 644 1296 Andr.
661 1230 687 1311 l,
708 1237 734 1308 l,
753 1235 827 1295 109:
853 1232 973 1292 Reiecit
996 1249 1027 1291 se
1051 1232 1081 1289 in
1105 1231 1170 1290 culn
1194 1228 1269 1289 flens
1293 1244 1383 1300 qoam

224 1333 431 1409 familiariter,
454 1329 510 1397 uhi
534 1309 695 1394 Ruholn:
705 1331 823 1407 „Quom
851 1332 902 1392 est
927 1327 1083 1392 valdet
1050 1332 1083 1390 et
1113 1343 1208 1406 saepe
1238 1324 1385 1405 iungitur

227 1427 356 1509 positivi
379 1427 498 1508 gradum
521 1413 732 1492 non'uinibus.u

309 1530 337 1590 9.
386 1527 574 1602 conparato
603 1527 748 1600 remmon,
777 1524 804 1590 si
834 1523 1067 1604 resonandam
1098 1539 1169 1585 eum
1193 1521 1263 1585 aliis
1285 1519 1385 1584 rebus

223 1622 368 1688 eiusdem
391 1621 556 1702 qualitatis
579 1628 793 1703 comparatur.
836 1621 901 1687 Res
924 1623 1109 1702 comparatu
1124 1624 1197 1699 post
1220 1635 1385 1698 compara-

226 1721 326 1786 tivum
350 1721 378 1784 si
400 1719 547 1798 additur,
573 1721 606 1784 in
629 1720 769 1785 ablativo
791 1718 922 1800 ponitur
945 1724 1003 1783 out
1032 1717 1302 1799 persolutionem
1325 1733 1385 1795 per

220 1837 316 1894 quam
338 1818 528 1898 particulam
543 1818 743 1899 exprimitur,
766 1817 873 1882 rarius
888 1835 946 1899 per
960 1823 1056 1892 atque.
1082 1815 1116 1882 Si
1132 1815 1311 1881 enuntiatio
1327 1830 1388 1894 per

224 1935 316 1992 quom
340 1930 492 1996 expressa
514 1916 632 1981 omisso
655 1916 846 1980 verbosum
869 1915 977 1995 priora
993 1914 1214 1980 enunciatione
1237 1914 1268 1975 in
1289 1929 1385 1976 unam

226 2015 437 2094 contrahitur,
461 2031 555 2078 casus
577 2013 707 2094 ponitur
728 2013 827 2078 verbo
844 2027 1034 2094 congruens,
1057 2018 1095 2077 ut
1108 2003 1238 2076 Terent.
1256 2009 1384 2074 Phorm.

226 2111 286 2187 IV,
306 2117 342 2192 2,
369 2117 498 2189 1z=mgo
525 2115 673 2174 hominem
700 2113 883 2174 callidiorem
911 2113 970 2172 vidi
997 2115 1143 2173 nerninem
1174 2113 1269 2190 Quom
1291 2109 1387 2169 Phor·

227 2213 362 2282 mimam,
383 2239 427 2263 =
449 2227 544 2290 quam
566 2209 715 2274 Phormio
739 2215 797 2275 est.

315 2309 419 2376 Plaut.
442 2308 508 2374 Mil
524 2307 584 2387 III,
600 2313 628 2388 l,
647 2313 700 2374 19:
723 2312 819 2384 mapa
841 2327 907 2371 esse
931 2312 968 2372 ad
992 2327 1055 2370 rem
1077 2307 1181 2370 aonam
1203 2327 1261 2368 non
1278 2313 1388 2382 potest.

230 2408 315 2474 Trin.
338 2407 387 2488 II,
413 2412 449 2485 3,
473 2412 507 2470 6:
541 2409 653 2480 sacimas
682 2411 776 2470 nihilo
804 2408 894 2482 iacit,
926 2405 967 2471 ad
989 2405 1061 2486 qsl.
1087 2404 1247 2469 Lindum:
1281 2402 1337 2483 ,lu
1363 2420 1389 2466 e.

224 2507 328 2571 nihilo
352 2505 453 2586 magis
476 2503 596 2584 aliquid
620 2502 778 2584 ellectum,
802 2489 948 2569 curatum
971 2504 1086 2569 reddit.
1119 2505 1242 2566 Focttm
1262 2500 1391 2578 dicitur,

230 2607 420 2672 uiuacitas,
450 2603 633 2679 emendatius
663 2605 696 2666 et
721 2602 755 2666 id
783 2621 883 2684 genus
912 2593 985 2666 alia.
1039 2600 1220 2667 Gronovius
1247 2599 1288 2662 ad
1316 2597 1347 2661 h.
1370 2595 1391 2660 l.

232 2703 326 2769 haec:
363 2702 487 2762 luamus
519 2699 620 2778 igitur
647 2703 697 2763 est
717 2701 819 2781 magis
835 2699 978 2778 iactum,
1012 2703 1050 2764 nt
1077 2699 1153 2764 alibi
1183 2699 1392 2771 confossiorem

231 2799 311 2864 dicit
342 2815 400 2878 pro
433 2797 536 2878 magis
566 2785 729 2873 confosso,
763 2797 823 2862 hac
850 2799 919 2880 ipsa
944 2797 1054 2863 fabula
1080 2799 1266 2866 comisatorem
1293 2797 1393 2856 stalti-

229 2893 438 2972 ammantat
483 2893 599 2959 Bacch.
629 2893 754 2973 111‚2‚
781 2901 834 2960 10:
870 2899 945 2959 Nam
974 2899 1025 2973 pol
1053 2915 1118 2958 meo
1147 2897 1265 2972 quidem
1294 2893 1393 2956 animo

231 2999 351 3071 saprum
374 2996 490 3056 homme
513 2996 585 3054 nihil
609 2996 792 3070 tapmntast,
820 2995 860 3058 de
883 3006 945 3074 ouo
968 2994 1038 3058 loco
1060 2993 1192 3058 Roscius
1222 2994 1392 3057 comment.

233 3093 336 3159 Plani.
365 3111 395 3174 p.
422 3097 499 3158 1114:
530 3091 737 3171 „Sententiaz
769 3092 929 3173 ingratum
960 3091 1119 3156 hominem
1153 3107 1224 3155 esse
1252 3088 1392 3152 maxima

233 3194 378 3272 impensu
400 3196 464 3269 est,
487 3186 734 3253 Untunibutieit
755 3187 791 3267 tlt
805 3194 864 3253 ¹oen
888 3185 993 3274 gnitate
1017 3187 1188 3269 iluimunh.
1219 3189 1394 3262 Impemsam

230 3289 328 3368 enim,
353 3288 439 3368 quod
460 3287 543 3351 idem
567 3291 665 3367 atque
686 3291 822 3366 impenso
844 3287 1074 3370 significat,.in
1098 3275 1316 3368 comparativo
1339 3301 1394 3366 po·

236 3385 343 3464 situm,
367 3401 462 3464 quem
484 3383 595 3449 multis
617 3385 689 3452 aliis
711 3387 889 3468 participiis
912 3385 1049 3466 passivis
1079 3383 1293 3450 vetustissimi
1315 3381 1392 3449 scri-

236 3487 346 3564 ptores
369 3501 465 3564 saepe
488 3484 683 3574 tribuerunt,
705 3485 789 3550 idem
813 3483 898 3549 valet
920 3502 957 3549 ac
979 3486 1076 3545 molor
1097 3480 1261 3558 mmmsa.“
1297 3480 1394 3545 Pocn.

234 3581 275 3660 V,
297 3585 327 3662 2,
351 3586 405 3646 31ι
428 3584 485 3644 Est
508 3586 606 3644 nullus
628 3601 674 3645 me
696 3585 785 3646 hodie
808 3587 925 3646 Poenus
948 3583 1071 3642 Pwaa'or.
1105 3581 1164 3656 (sio
1187 3584 1275 3646 recte
1298 3577 1396 3644 verba

231 3677 373 3744 collocat
395 3677 540 3756 Botulus,
564 3697 626 3762 quo
649 3685 800 3746 occentus
815 3679 931 3746 melius
946 3697 1018 3744 cum
1034 3697 1167 3744 numero
1191 3677 1398 3743 consociatur

228 3793 331 3856 -quom
352 3777 386 3840 in
408 3777 517 3842 ordina
539 3778 685 3859 vulgato:
710 3778 826 3843 Nullus
848 3795 900 3842 me
929 3781 980 3842 est
1000 3775 1094 3841 hodie
1114 3775 1244 3840 -Poanos
1266 3767 1398 3850 Punior,

237 3893 265 3941 v,
282 3872 420 3938 Ritschl,
437 3875 612 3958 prolegom.
634 3876 668 3940 in
688 3877 775 3942 Trin-
798 3895 827 3958 p.
853 3875 938 3956 221).
984 3873 1075 3940 Ourc.
1098 3873 1147 3945 ΙΙ,
1172 3880 1206 3953 2,
1230 3878 1267 3936 6:
1295 3873 1397 3934 molto·

225 3990 299 4062 ¹,ratim
321 3991 411 4046 Quom
440 3993 494 4050 ego
524 3995 589 4036 sum
616 3992 750 4051 suppono
773 3979 837 4040 tibi.
881 3973 965 4039 Rud.
988 3973 1043 4052 IV,
1067 3981 1104 4052 4,
1127 3977 1184 4036 70:
1200 3975 1261 4034 ‘Eo
1285 3977 1399 4046 tacent,

229 4075 308 4148 -quia
338 4074 459 4134 tacitast
488 4071 615 4150 [malim]
643 4077 750 4136 mulier
782 4093 907 4150 semper
924 4089 1023 4148 ‘quom
1049 4075 1183 4149 loquens.
1230 4067 1329 4134 Stich.
1354 4065 1398 4144 Π,

231 4174 269 4246 2,
296 4174 355 4234 lo:
385 4173 485 4233 Nimia
512 4173 638 4247 adporto
666 4173 758 4232 multo
790 4179 874 4232 tauto
896 4175 968 4245 ptos
993 4187 1082 4244 qaam
1113 4189 1231 4245 speras,
1260 4167 1301 4236 ad
1324 4183 1353 4246 q.
1377 4165 1398 4228 l.
