3090 4768
461 179 500 220 DE
515 179 645 220 nonnonn
659 181 755 222 vnnnl.
768 203 794 214 -
807 181 954 222 nnnmsns.
1243 187 1282 248 21

132 369 247 428 adiutor
271 371 324 430 sim
348 373 410 431 eius
433 371 611 433 accendier.
658 369 759 436 Simili
788 371 882 436 modo
905 371 1099 435 dictumest
1121 368 1216 432 etiam
1239 367 1285 433 ib.

36 539 37 548 ¹
132 463 157 544 Ι,
172 469 200 542 2,
216 471 251 530 4:
275 485 361 541 qoem
383 485 478 545 neque
500 471 594 544 pndet
611 472 774 548 Quicquam
798 489 853 531 nee
873 473 981 531 metuit
996 485 1169 545 quemquam
1186 485 1284 544 nequa

133 566 225 640 legem
247 572 336 639 putat
358 567 473 626 Tenere
498 585 529 626 se
553 570 652 628 ullam.

214 663 243 722 6.
289 665 421 738 nitesce
442 662 568 744 modist)
611 664 753 730 Primum
776 663 906 729 Catonis
928 663 1013 728 liber
1033 663 1072 726 de
1095 679 1132 727 re
1154 660 1285 740 rustica,

132 773 191 836 qno
215 764 264 822 est
286 758 377 824 brevi
407 765 440 825 et
466 760 604 843 abrupto
636 763 762 828 dicendi
793 779 911 844 genere
935 761 1144 841 conscriptus,
1166 756 1285 822 multas

134 855 273 920 eontinet
301 855 479 938 singulares
510 865 544 923 et
573 861 690 940 partim
715 863 900 926 constantes
924 859 1063 939 ellipses,
1087 873 1169 937 quae
1192 873 1286 936 sepa·

133 952 224 1016 ratim
258 955 451 1034 spectandae
485 961 567 1022 sunt.
623 955 675 1023 Sic
710 956 830 1038 legitur
865 957 954 1022 initio
989 957 1104 1038 capitis
1140 959 1194 1019 12:
1250 955 1287 1016 In

133 1055 323 1114 torcularium
348 1075 423 1132 qnae
446 1075 519 1132 opus
543 1064 621 1131 sunt,
645 1055 753 1120 itidem
771 1075 796 1121 o.
816 1059 854 1121 13
870 1055 1017 1121 ineuntet
1040 1058 1074 1116 In
1091 1056 1287 1116 torcularium

133 1151 161 1210 in
193 1171 248 1212 usu
282 1154 361 1231 qnod
394 1173 468 1228 opus
499 1165 553 1230 est,
588 1170 670 1232 quae
698 1159 772 1218 sunt
800 1155 891 1236 quasi
920 1153 1142 1233 inscriptiones
1172 1151 1287 1215 horum

134 1249 283 1328 capitum,
309 1249 355 1314 ita
381 1257 419 1313 ut
445 1257 548 1316 mente
570 1251 689 1316 addere
711 1251 829 1332 possis:
858 1261 1069 1316 enumerantur
1090 1249 1141 1313 vel
1166 1268 1285 1311 enume-

132 1355 222 1410 ratur.
267 1346 391 1412 Deinde
419 1349 459 1414 ab
482 1349 571 1415 initio
594 1367 661 1430 cap.
684 1357 704 1414 4
731 1353 860 1424 (Bubilia
881 1355 969 1427 bons,
996 1353 1089 1412 bonas
1119 1351 1287 1426 praesepis,

132 1443 253 1508 ialiscas
282 1447 448 1522 elatratas),
478 1447 555 1512 item
585 1448 625 1513 eb
655 1447 746 1512 initio
777 1467 803 1514 o.
831 1455 865 1513 ll
900 1453 933 1512 et
958 1453 996 1513 13
1027 1446 1170 1527 (Urceum
1194 1445 1284 1519 cett.)

132 1547 236 1606 mente
270 1543 344 1606 addi
377 1549 523 1624 possunt:
559 1549 616 1622 (te)
646 1549 756 1610 habere
785 1556 913 1626 oportet.
959 1543 992 1610 Ο.
1024 1549 1100 1609 137:
1144 1547 1288 1620 Poenum,

134 1637 250 1703 hebeat
280 1642 332 1705 vel
360 1643 466 1722 capiat
492 1645 724 1723 interpretatur
747 1644 919 1725 Gesnerus,
951 1650 983 1708 et
1004 1642 1107 1708 bobus
1131 1641 1207 1705 suis.
1253 1638 1288 1704 Ο.

135 1740 187 1800 78;
212 1751 313 1802 tracta
335 1759 371 1801 ex
394 1761 491 1816 caseo,
509 1742 563 1806 int.
588 1744 707 1821 ponito.
754 1742 914 1824 G.135,6
937 1760 1002 1806 acc.
1047 1744 1193 1817 Trapetos
1210 1745 1289 1802 latos

134 1853 151 1898 a
171 1835 260 1897 leber
283 1840 317 1900 et
331 1838 424 1901 faciet
439 1839 578 1919 pendere
595 1846 704 1905 censet
718 1839 908 1906 Pontedera.
954 1839 987 1904 O.
1007 1843 1082 1904 150:
1105 1842 1136 1899 in
1157 1839 1290 1899 fructum

133 1950 174 1998 sc.
198 1935 332 2014 accedit,
355 1936 413 2001 nisi
437 1937 569 2002 verbum
592 1936 652 2002 hoe
675 1939 799 2002 excidit.
844 1937 937 2019 Apud
954 1937 1102 2002 Plautum
1125 1940 1231 2000 autem
1256 1937 1290 1998 et

136 2029 331 2111 Terentium,
365 2041 476 2115 utpote
511 2051 644 2113 quorum
680 2037 861 2101 comoediae
883 2045 1052 2100 versentur
1081 2034 1113 2098 in
1142 2049 1288 2098 sermone

136 2126 292 2208 familiari,
323 2140 466 2197 nonest
491 2133 668 2197 mirandum
696 2134 850 2214 plurimas
880 2133 1016 2199 inveniri
1039 2132 1177 2212 ellipses,
1208 2130 1289 2210 quas

134 2225 193 2291 lert
215 2247 320 2294 sermo
344 2229 506 2295 familiaris
529 2231 678 2310 vitaeque
706 2232 880 2298 communis
909 2235 942 2296 et
972 2230 1174 2310 quotidianae
1197 2246 1286 2291 usus.

36 2363 38 2396 l
134 2323 261 2390 Terent.
288 2329 375 2392 Andr
407 2328 462 2409 IV,
480 2337 508 2408 5,
526 2336 559 2395 9:
585 2333 661 2404 Quid
685 2330 758 2391 vos?
781 2350 838 2407 quo
860 2338 949 2407 pacto
972 2327 1041 2392 hic?
1065 2333 1160 2390 satine
1183 2325 1288 2388 recte?

135 2442 175 2488 sc.
199 2425 307 2506 agitis,
330 2427 384 2491 ubi
407 2426 664 2492 Westerhovius:
701 2427 871 2507 „Formula
894 2433 944 2492 est
966 2428 1006 2492 de
1029 2425 1132 2491 salute
1155 2422 1290 2488 alterius

135 2524 346 2604 rogantium.“
390 2526 573 2605 Respondet
600 2525 713 2606 Mysis:
759 2529 885 2589 Nosne?
912 2532 955 2589 sic
977 2529 1019 2590 Ut
1042 2529 1167 2602 quimus,
1196 2528 1289 2596 aiunt,

135 2625 251 2697 quando
274 2636 307 2685 nt
329 2631 461 2688 volumus
485 2645 542 2686 non
565 2627 645 2686 licet.
690 2641 718 2686 v.
746 2629 797 2688 ll:
842 2629 918 2700 Quid
942 2626 1133 2703 Glycerium?
1160 2627 1218 2683 ism
1241 2624 1291 2682 hie

137 2741 202 2784 suos
226 2729 361 2799 parentis
376 2724 537 2800 repperiti
574 2721 725 2800 Inprimis
744 2720 895 2802 frequens
911 2727 960 2787 est
976 2722 1104 2787 omissio
1121 2721 1292 2786 verborum

133 2819 258 2885 dicendi
281 2830 314 2885 ct
337 2819 503 2886 sentiendi.
549 2818 600 2884 Sic
622 2819 725 2884 Plaut.
748 2817 845 2883 Poen.
869 2820 953 2899 V,'2,
972 2825 1046 2884 101:
1070 2824 1123 2884 sed
1146 2823 1231 2880 mitto
1253 2820 1291 2879 da

135 2920 196 2997 illo,
231 2921 287 2995 (sc.
322 2916 442 2998 dicere)
478 2929 508 2980 et
541 2920 579 2980 ad
612 2928 643 2980 te
677 2922 777 2982 redeo.
823 2918 861 2998 V,
891 2922 921 2998 2,
952 2924 1005 2984 12:
1051 2921 1128 2994 Quid
1158 2929 1191 2979 tu
1219 2919 1292 2978 mihi

138 3019 245 3079 testis?
290 3035 332 3082 se.
371 3016 459 3080 dicia.
504 3014 587 3080 Men.
621 3016 676 3097 IV,
711 3021 740 3096 3,
775 3021 829 3081 22:
874 3021 970 3080 Nimis
1008 3019 1150 3102 iracunde
1188 3017 1291 3077 hercle

137 3117 265 3189 tandem,
294 3133 337 3180 se.
363 3114 471 3179 locuta
499 3131 541 3178 es.
587 3113 714 3179 Terent.
739 3114 837 3178 Andr.
859 3115 885 3195 Ι,
911 3121 938 3195 1,
963 3119 996 3178 2:
1028 3117 1132 3192 paneis
1160 3123 1191 3175 te
1214 3117 1292 3191 volo,

137 3229 179 3276 sc.
204 3218 315 3290 alloqui
339 3213 403 3278 sive
426 3230 489 3277 see.
514 3213 675 3277 Donatum
698 3216 836 3290 colloqui.
882 3212 924 3293 II,
950 3218 978 3292 2,
1002 3217 1034 3276 8:
1058 3231 1109 3275 vos
1131 3215 1208 3275 volo.
1253 3209 1293 3289 V,

137 3315 165 3388 3,
198 3319 230 3374 l:
278 3315 351 3386 Quis
386 3331 431 3374 me
465 3312 548 3374 volt?
592 3311 675 3374 Eun:
700 3310 760 3386 ΙΙΙ,
787 3317 814 3390 1,
838 3317 893 3376 41:
940 3315 1017 3387 Quid
1050 3315 1113 3387 ille,
1147 3309 1293 3387 quaesol,

137 3427 177 3473 sc.
213 3409 438 3489 respondebat.
491 3407 595 3474 Plaut.
628 3400 723 3475 Poen.
755 3409 810 3489 IV,
839 3414 868 3489 2,
897 3413 933 3474 8:
969 3413 998 3471 di
1032 3417 1161 3472 vostram
1195 3409 1294 3486 fidem,

138 3522 180 3570 sc.
204 3507 351 3587 imploro,
373 3507 452 3571 item
474 3505 512 3587 V,
539 3515 566 3587 1,
590 3512 640 3570 20.
685 3507 779 3573 Truo.
804 3507 829 3586 1,
852 3513 883 3587 l,
907 3512 936 3573 8.
982 3506 1110 3572 Terent.
1133 3507 1213 3570 Eun.
1234 3503 1295 3584 ΙΙΙ,

142 3610 168 3684 1,
186 3609 238 3670 28.
273 3641 316 3650 —
351 3605 446 3670 Andr.
470 3605 496 3684 Ι,
522 3610 549 3685 1,
574 3611 632 3669 55:
677 3609 805 3685 Egomet
828 3611 970 3668 continno
993 3625 1117 3681 meeum,
1141 3623 1184 3669 sc.
1210 3602 1299 3684 cogi-

211 3943 232 4006 2)
252 3945 354 4000 Varum
379 3946 566 4014 pleonasmum
590 3943 665 3997 verbi
690 3941 735 3996 vix
754 3958 869 4010 usquam
887 3941 1019 4012 reperias,
1045 3958 1106 3996 num
1125 3941 1215 3994 Plaut.
1233 3939 1298 3992 Aul.

141 4025 179 4096 n,
204 4030 235 4095 2,
258 4031 289 4081 4:
327 4031 409 4084 Numa
433 4027 542 4081 domum
561 4041 718 4094 properare
736 4039 872 4092 propero,
896 4025 979 4078 Poen.
1006 4025 1034 4094 1,
1057 4030 1082 4094 3,
1108 4025 1155 4078 24:
1194 4021 1299 4088 Perpc'm

139 4127 254 4180 perpere,
277 4111 356 4181 Oapt.
380 4111 415 4179 ΙΙ,
440 4113 464 4177 1,
487 4113 535 4164 nl:
559 4109 711 4163 meminisse
733 4112 765 4161 ut
786 4109 955 4173 ammireris,
984 4107 1084 4162 comico
1108 4120 1183 4160 more
1206 4101 1300 4157 atficta

143 4203 214 4250 snat.
