3036 4766
517 161 665 204 uoounlnn
693 163 926 208 uanuluuutaum
1218 179 1279 242 339

120 364 157 409 ac
180 353 286 413 amen.
333 349 384 416 Sic
412 350 551 430 positum
577 349 706 418 videtur
733 371 753 416 a
776 352 925 420 Terentio
955 355 1036 420 Eun.
1068 355 1132 434 ΙΠ,
1159 364 1193 435 1,
1219 364 1275 424 tl:

119 446 202 506 Bene
227 447 318 510 dixti:
342 467 377 510 ac
399 451 472 513 mihi
494 453 571 512 istuc
592 467 651 512 non
675 455 705 512 in
726 458 858 518 ‚mentem
881 462 1014 516 venerat.
1058 455 1159 520 lludr.
1183 455 1221 536 V,
1250 464 1277 537 Ι,

120 545 177 605 22ι
202 546 258 606 tibi
280 564 342 608 sum
368 549 478 610 oblitus
500 548 603 627 hodie,
627 567 662 610 cc
683 553 782 628 volui,
806 552 922 626 dicere,
952 549 1006 616 ubi
1029 550 1174 619 Donatus
1197 553 1279 620 falso

120 637 260 718 explicat
282 649 387 708 contra
409 662 499 718 quom
520 648 610 709 achai.
656 644 790 725 Adelph.
815 646 841 725 Ι,
869 653 893 726 Ι,
913 653 967 712 15:
992 649 1092 722 Atque
1114 669 1150 712 ex
1167 671 1212 714 me
1231 655 1281 716 hic

120 745 210 801 natue
238 757 296 802 non
327 751 391 817 est,
429 745 481 804 sed
512 743 606 804 fratre
640 762 676 806 ex
707 763 781 808 meo.
836 743 1004 826 Sosipater
1033 743 1198 812 Charisius
1235 748 1281 813 lc-

120 851 223 914 quens
246 836 286 901 de
311 836 373 904 hoc
401 837 470 906 loco
497 845 587 914 ctqae
615 857 674 921 pro
697 847 727 902 et
753 841 894 922 positum
922 843 1000 908 dicit
1022 848 1054 908 et
1076 843 1180 909 addit:
1207 847 1281 926 „ubi

122 932 238 1014 Acron,
262 940 387 1017 argute,
410 935 521 1015 iuquit.
545 954 617 1002 nam
641 956 699 1018 per
721 938 803 1004 hanc
825 939 1078 1005 coniunctionem
1109 943 1280 1008 transitum

120 1027 198 1096 lecit
220 1031 261 1097 ad
283 1033 508 1098 narrationem.
533 1032 706 1116 [Neutrum
728 1041 850 1102 rectum
884 1034 958 1118 estl.
1008 1035 1063 1103 On.
1086 1037 1227 1104 Naevius
1249 1041 1281 1104 in

124 1128 315 1209 agitatoris,
337 1130 395 1196 sed
417 1133 505 1196 etin
528 1132 703 1198 Tarentilla
726 1131 778 1215 [ir.
804 1133 885 1211 14].“

207 1231 229 1290 t.
273 1228 374 1304 Atque
398 1247 468 1294 eam
484 1229 548 1300 vim
564 1228 671 1311 habet,
694 1235 731 1295 ut
753 1231 839 1296 aliud
862 1231 938 1313 quid
953 1229 1083 1296 adiiciat
1097 1232 1225 1312 aequali
1243 1251 1282 1298 ex

121 1324 255 1402 ratione,
279 1341 341 1403 quo
363 1326 458 1391 simul
475 1326 705 1408 comprehenso
720 1328 881 1394 conclusio
897 1327 1076 1395 conficitur:
1098 1347 1157 1395 uec
1172 1333 1281 1396 tamen

122 1439 252 1486 necesse
264 1428 314 1488 cst
325 1422 485 1489 conclusio
496 1425 567 1505 ipsa
578 1425 683 1490 verbis
696 1427 899 1506 exprimatur.
918 1425 1020 1504 Quam
1032 1427 1165 1491 formam
1178 1443 1282 1507 gram·

122 1519 230 1583 matici
248 1521 499 1602 assumptionem
509 1527 633 1587 vocant.
651 1521 768 1604 (Hand.
788 1542 818 1605 p.
835 1511 921 1599 492).
937 1523 1040 1588 Plaut.
1058 1523 1130 1590 Aul.
1143 1524 1183 1604 ΙΙ,
1200 1532 1230 1604 4,
1247 1529 1281 1590 8:

121 1615 221 1691 Atque
245 1615 304 1693 (sio
320 1621 378 1698 Ap,
393 1618 477 1700 vulg.
494 1623 589 1695 aaut)
606 1640 660 1698 ego
676 1626 762 1698 istuc,
780 1624 925 1692 Anthrax,
941 1625 1119 1684 aliovorsum
1135 1623 1277 1684 dixeram.

208 1733 238 1778 u.
284 1716 330 1780 De
354 1733 390 1778 ac
410 1718 528 1792 quidm
556 1717 629 1782 vide
659 1718 818 1784 Handium
845 1736 876 1799 p.
901 1723 972 1783 502.
999 1717 1102 1784 Plaut.
1126 1718 1198 1783 Aul.
1223 1719 1278 1790 IV,

124 1815 155 1890 9,
182 1815 234 1875 18:
258 1813 359 1888 Atque
381 1816 429 1876 hic
453 1817 570 1890 quidem
590 1819 736 1892 Euclioat,
760 1827 793 1879 ut
815 1819 929 1894 opinor.

209 1929 237 1974 v.
282 1911 381 1986 Ateste
409 1915 497 1974 etiem
527 1912 871 1993 eleutherniae,
896 1917 951 1978 76:
981 1914 1080 1989 naue
1106 1916 1195 1976 eliaca
1222 1918 1281 1977 Pro
1311 1943 1314 1950 ·

123 2008 213 2070 dictis
241 2012 351 2072 uostris
379 2013 533 2074 maledicis
561 2030 674 2088 poenae
702 2014 870 2088 pendantur
893 2015 933 2072 mi
955 2012 1053 2074 hodie.
1104 2010 1220 2076 Bacch.
1242 2011 1281 2091 V,

127 2108 153 2181 1,
179 2107 212 2169 6;
235 2109 373 2168 Perditus
396 2127 459 2170 sum
483 2113 572 2183 atquc
597 2112 686 2171 ettam
709 2111 878 2171 eradicatus
902 2127 975 2184 sum,
998 2108 1053 2173 ubi
1068 2107 1168 2172 habet
1182 2107 1283 2190 signi·

122 2200 303 2268 ficationem
325 2203 523 2270 intensivam.

209 2319 238 2365 x.
283 2301 330 2362 Ac
352 2321 465 2378 qaoque
487 2303 592 2368 Plaut.
608 2302 722 2368 Pseud.
746 2302 771 2381 Ι,
789 2308 817 2382 3,
845 2307 917 2368 133:
945 2305 1147 2365 Verberavisti
1163 2313 1282 2378 patrem

123 2407 213 2476 atquc
241 2410 376 2462 matrem.
421 2400 487 2464 BA.
522 2402 620 2475 Atque
653 2405 749 2464 occidi
783 2418 895 2476 pompae
925 2402 1026 2462 Potius
1058 2418 1146 2476 quam
1184 2401 1280 2462 cibum

122 2499 349 2575 praehiberem,
367 2496 438 2560 ubi
465 2503 553 2573 ctpae
580 2497 679 2563 habet
705 2499 768 2562 vim
792 2496 980 2562 intensivum
1007 2499 1103 2576 atque
1132 2495 1280 2577 augendi.

124 2593 369 2674 Coniunguntur
397 2594 477 2660 adeo
500 2601 568 2662 tres
596 2595 773 2675 particulae
803 2594 917 2674 Amph.
941 2592 1020 2673 prol.
1044 2612 1074 2658 v.
1099 2598 1156 2660 30:
1183 2593 1283 2668 Atque

123 2710 178 2770 ego
201 2710 314 2768 quoque
338 2695 435 2753 etiam

210 2793 260 2854 37.
306 2793 412 2853 Etiam
440 2791 650 2870 compositum
678 2799 728 2855 est
755 2807 794 2854 ex
822 2796 850 2852 et
870 2792 940 2851 tam.
994 2788 1032 2854 ln
1062 2787 1280 2854 describendis

123 2885 296 2968 generibus
319 2886 414 2952 huius
437 2887 613 2968 particulae
635 2887 752 2951 iterum
774 2903 892 2966 sequar
916 2884 1085 2952 Handium.

209 3000 251 3047 a..
282 2987 386 3048 Etiam
408 2984 517 3050 adiicit
540 2985 583 3065 ei,
614 2982 699 3064 quod
722 2988 778 3046 aut
800 2982 919 3046 dictum
941 2989 999 3046 aut
1020 2980 1194 3061 cogitatum
1219 2988 1278 3053 est,

123 3078 213 3146 aliud
235 3080 322 3162 quid,
345 3087 379 3147 et
401 3078 558 3163 significat
580 3083 620 3142 nel
642 3083 728 3150 haec,
750 3086 925 3156 praeterea,
947 3083 1079 3154 insuper.
1123 3077 1221 3142 Naev.
1242 3076 1280 3141 fr.

125 3185 144 3244 3
168 3178 227 3244 inc.
251 3195 342 3258 com,
366 3179 420 3245 ubi
443 3188 493 3244 est
514 3177 555 3244 ab
577 3177 666 3242 initio
689 3177 838 3258 positum.
863 3176 910 3242 lb.
925 3175 962 3241 lr.
980 3181 1029 3242 23.
1045 3174 1149 3239 Plaut.
1166 3173 1281 3254 Amph.

123 3277 167 3360 11,
186 3283 213 3352 1,
237 3281 293 3341 21:
316 3280 464 3354 Regesne,
488 3279 624 3356 inprobe,
648 3278 737 3338 amm
759 3278 809 3352 qui
832 3275 917 3337 ludos
940 3274 1015 3336 iacis
1037 3273 1105 3334 rue?
1150 3276 1178 3350 2,
1205 3275 1283 3336 113:

125 3380 173 3438 An
197 3377 287 3436 ettam
309 3378 338 3442 id
362 3382 394 3436 tu
417 3375 498 3438 scis?
542 3392 572 3439 v.
598 3377 671 3438 128:
696 3377 843 3450 Opsecro,
865 3374 995 3441 etiamne
1018 3373 1074 3432 hoc
1097 3371 1228 3446 negabis,
1251 3375 1282 3430 te

124 3490 247 3535 auream
275 3481 411 3549 pateram
441 3474 512 3533 mihi
535 3472 663 3534 Dedisse
694 3472 771 3532 donc
803 3471 891 3531 hodie
914 3469 977 3528 -t
1021 3466 1111 3550 Capt.
1142 3464 1222 3545 prol.
1253 3483 1282 3529 r.

124 3574 182 3634 53:
206 3571 259 3633 Set
281 3573 402 3632 etiamst
423 3571 526 3647 paucis
549 3587 601 3632 vos
624 3567 702 3644 quod
725 3570 853 3628 monitos
875 3567 1032 3639 voluerim,
1056 3561 1096 3628 ad
1119 3579 1148 3642 q.
1164 3561 1183 3626 1
1200 3562 1284 3627 Box-

123 3665 231 3732 horn.:
265 3669 412 3738 „Etiam
437 3665 585 3746 iusuper,
614 3661 818 3745 praeterea.“
865 3661 980 3727 Bacch.
1007 3679 1036 3725 v.
1062 3666 1141 3726 274:
1177 3663 1284 3723 Etiam

124 3766 196 3841 qnid
218 3766 331 3842 porro?
360 3761 426 3826 Mil.
450 3761 506 3841 IV,
529 3766 559 3839 8,
582 3764 639 3827 63:
663 3764 862 3825 Etiamnunc
885 3764 960 3836 vale,
984 3759 1025 3826 ad
1040 3775 1069 3838 q.
1093 3756 1112 3820 l.
1129 3755 1283 3822 Liudcm:

124 3865 197 3942 „est
218 3879 299 3924 nanc
319 3863 428 3924 imm
450 3857 547 3922 cate.“
586 3857 711 3924 Terent.
735 3858 833 3922 Andr.
857 3857 883 3936 Ι,
907 3861 935 3934 3,
961 3861 1015 3920 1οε
1037 3859 1085 3918 Ad
1107 3858 1182 3918 haec
1205 3856 1285 3916 mala

124 3963 181 4022 hoc
210 3963 251 4022 mi
281 3961 399 4021 accedit
427 3959 535 4019 etam:
572 3957 646 4018 haec
676 3959 860 4019 Andria-
891 3957 1014 4031 gravida
1043 3972 1059 4014 e
1087 3953 1283 4028 Pamphilost.

123 4055 207 4124 Eun.
230 4055 281 4132 ΙΙ,
304 4059 339 4134 2,
363 4061 420 4122 do:
455 4056 561 4118 Euam
588 4072 667 4115 nunc
694 4055 846 4130 hiesus,
878 4054 1033 4114 Parmeno.
1077 4047 1143 4128 ΙΙΙ,
1166 4053 1204 4124 t,
1227 4050 1282 4111 22:

123 4158 230 4233 Neque
253 4157 280 4218 is
303 4154 449 4216 deductus
472 4153 645 4212 etiamtum
668 4152 706 4212 ad
727 4168 800 4211 eam.
846 4147 961 4228 Hecyr.
984 4145 1009 4222 1,
1033 4150 1063 4225 2,
1080 4149 1135 4211 70:
1157 4147 1282 4207 Narrat·

1008 4243 1074 4308 22*
