3090 4768
469 156 527 196 INF.
542 156 599 196 1²80
614 155 741 195 (enmono
757 153 885 196 POSITUS.
1208 161 1248 223 33

31 325 32 404 Ι
115 345 221 410 sendus
255 352 320 426 est,
343 347 479 428 primum
511 344 686 428 separatim
710 343 877 410 tremendu
906 349 979 407 sunt
1004 361 1052 422 en,
1076 341 1250 421 inquibus

114 443 280 522 posteriore
311 443 439 524 quidem
472 442 601 524 linguae
634 447 740 506 aetate
769 459 825 520 pro
857 441 924 508 soie
951 437 1110 505 infinitivo
1140 437 1249 520 potius·

31 545 33 604 ³.
114 541 281 607 accusativo
305 559 375 606 eum
398 540 453 606 inf.
476 541 566 606 loeus
590 545 652 619 est,
676 557 738 618 quo
758 543 908 620 spectent
930 538 1130 618 potissimum
1151 536 1251 602 uerba

31 659 32 682 ¹
114 639 256 704 sentiendi
286 644 318 704 et
340 639 480 718 ¹dicendi,
512 639 568 704 sed
596 638 694 702 etism
724 637 788 701 slis
807 641 857 711 tut
879 636 957 716 sino,
988 635 1069 715 uelo,
1102 634 1250 715 postule),

115 752 186 814 quse
206 737 291 818 upud
313 738 436 818 priscos
460 737 632 816 scriptores
652 735 840 816 saepissime
856 733 1023 800 eeniunetu
1043 731 1251 813 reperiuntur

114 850 176 896 num
195 834 263 900 solo
286 832 452 913 infinitivo,
475 839 513 900 ut
534 833 711 898 subiectum
731 832 965 898 enunciationis
988 831 1134 895 uidentur
1157 829 1252 894 emis·

114 947 174 994 sum
196 950 275 997 esse.
319 932 367 998 Ac
389 932 428 996 de
449 949 548 996 cause
569 931 698 1012 quidem
720 930 965 996 construetinnis
987 928 1161 994 nceusstiui
1180 945 1253 993 eum

114 1024 258 1095 infinitivo
282 1030 344 1095 inm
367 1031 399 1094 in
422 1027 651 1109 superioribus,
675 1027 730 1092 ubi
752 1029 791 1092 de
809 1027 995 1093 -uecusetivu
1019 1045 1093 1092 cusu
1107 1027 1253 1107 egebam,

32 1123 33 1170 Ι
115 1125 239 1192 uberius
267 1129 398 1208 exposui
432 1126 540 1206 ibique
571 1126 675 1190 omniu
701 1124 795 1190 huius
825 1125 1069 1190 constructionis
1099 1123 1253 1204 exemplu,

117 1239 192 1301 quae
207 1223 337 1304 quidem
352 1225 496 1292 invenire
511 1223 615 1304 potui,
637 1221 769 1304 protuli:
793 1223 852 1288 hoc
867 1228 992 1286 tentum
1007 1222 1098 1293 addo,
1121 1220 1254 1286 ubieun-

31 1309 32 1324 ²
115 1320 220 1398 quein
242 1323 303 1388 hee
326 1323 562 1389 construetione
583 1317 756 1385 infinitivus
778 1320 871 1386 uerbi
891 1319 1111 1400 impersonalis
1124 1319 1252 1402 positus

114 1418 243 1486 estsine
267 1421 459 1499 accusative,
484 1437 554 1484 esse
576 1418 635 1484 hec
657 1436 714 1499 pro
737 1437 800 1484 ees.
818 1438 842 1483 c.
859 1417 913 1483 inf.
929 1417 1156 1498 accipiendum,
1176 1433 1255 1497 quo·

32 1539 33 1614 3
114 1513 189 1579 nium
212 1517 440 1598 ‘unpensonalie
462 1517 560 1582 verbu
583 1535 621 1582 ee
643 1520 726 1596 sunt,
751 1533 831 1596 quae
853 1516 1031 1582 subiectum
1053 1535 1145 1580 suum
1168 1516 1199 1578 in
1216 1530 1256 1580 se

31 1631 33 1665 n
113 1610 272 1680 includunt
295 1623 335 1680 et
364 1616 541 1695 eontinent3
573 1614 674 1678 malui
701 1621 808 1685 tumen
835 1613 930 1678 huius
957 1615 1084 1696 generis
1113 1613 1256 1693 exemplu

114 1712 212 1790 potius
239 1713 303 1779 hoc
332 1713 402 1779 loco
424 1714 524 1778 mixte
547 1730 617 1776 eum
641 1712 758 1776 ceteris
781 1709 896 1775 efferre
920 1729 1013 1790 quam
1036 1711 1113 1791 illic,
1142 1711 1197 1776 ubi
1218 1711 1258 1776 de

114 1812 291 1876 mensatim
324 1813 383 1892 egi.
430 1811 499 1888 Quo
528 1811 691 1890 pertinent
713 1809 811 1876 etiem
834 1809 856 1872 ii
877 1809 948 1888 inei,
979 1809 1033 1875 ubi
1054 1809 1257 1875 accusetiuns

115 1924 182 1972 vere
210 1929 251 1974 ex
276 1909 477 1992 praegressis
503 1909 553 1972 vel
582 1906 791 1988 sequentibus
811 1911 920 1971 mente
942 1907 1106 1974 addendus
1129 1913 1180 1972 est
1198 1910 1260 1971 unt

117 2003 189 2071 latet
221 2009 257 2072 in
291 2007 511 2074 enuntiatione
539 2005 683 2082 relative,
718 2021 801 2086 quae
828 2022 888 2085 pru
916 2005 1039 2070 obiecto
1066 2007 1172 2086 posite
1199 2009 1257 2070 esu

115 2101 174 2168 Liv.
222 2105 365 2171 Andron.
410 2103 522 2186 Odyss.
566 2122 614 2184 up.
652 2101 764 2171 Isidor.
808 2103 887 2184 orig.
921 2102 1013 2184 XIX,
1051 2110 1085 2169 4:
1129 2115 1258 2182 tuncque

116 2200 265 2269 (Klussm.
289 2204 421 2280 tumque)
446 2221 543 2266 remos
565 2203 653 2264 iussit
670 2203 799 2275 rele'pare
822 2205 962 2278 struppis.
1006 2200 1109 2266 Pluut.
1131 2202 1201 2267 Aul.
1216 2201 1260 2280 ΙΙ,

115 2303 140 2377 2,
162 2305 218 2365 66;
260 2305 318 2364 Hie
346 2304 424 2378 apud
454 2320 501 2362 me
528 2305 645 2362 hortum
675 2299 830 2372 consedere
857 2301 940 2360 iussi.
984 2299 1077 2379 Epid.
1100 2299 1127 2380 I,
1153 2308 1178 2373 1,
1202 2305 1260 2365 65:

115 2399 153 2458 un
180 2417 302 2462 meum
326 2382 424 2461 use.
466 2396 534 2462 unit.
557 2397 611 2475 lv,
635 2399 664 2475 e,
688 2400 759 2483 ⁶3³.
778 2398 855 2456 que
877 2385 992 2458 nonum
1014 2400 1067 2462 ere.
1112 2398 1193 2462 Ruu.
1217 2398 1261 2478 11,

116 2499 142 2573 3,
165 2502 264 2576 lsq.:
287 2501 363 2561 hunc
386 2515 461 2572 quse
484 2515 629 2573 proxume
651 2493 725 2573 [hic]
749 2501 795 2556 est
818 2497 887 2556 uilla
903 2497 1029 2558 Veneris
1051 2497 1120 2558 fano
1135 2498 1262 2560 Petere

115 2595 224 2657 iussisti
260 2605 348 2672 etque
383 2614 488 2670 uquam
515 2600 630 2677 repere.
681 2590 741 2671 ΙΙΙ,
766 2596 795 2671 2,
819 2597 873 2655 45:
909 2595 986 2654 Iube
1015 2599 1117 2657 oeulos
1147 2597 1262 2657 elidere.

116 2688 198 2757 Pers.
223 2693 267 2770 II,
292 2698 320 2770 5,
346 2696 398 2756 13:
422 2695 519 2752 secari
540 2693 651 2752 iubens.
695 2687 776 2753 Oete
797 2689 916 2770 oratio,
949 2708 1012 2772 qua
1035 2693 1136 2757 suasit
1157 2693 1190 2757 in
1215 2711 1265 2758 se-

115 2793 198 2866 netu,
224 2796 262 2856 ut
284 2789 377 2869 plura
399 2808 474 2854 eene
497 2786 657 2868 equestria
678 2782 791 2850 fierent
813 2804 861 2867 sp.
884 2787 1009 2853 lunden.
1030 2807 1063 2868 p.
1089 2794 1146 2854 66:
1178 2795 1264 2854 Nune

117 2907 167 2965 ego
195 2890 330 2952 arbitror
357 2893 487 2964 opertere
508 2888 638 2960 institui,
666 2887 734 2960 quin
758 2889 853 2948 minus
877 2889 989 2950 duobus
1014 2891 1131 2951 mitibus
1155 2892 1265 2951 ducen-

117 2988 153 3047 tis
183 2992 224 3049 sit
254 3005 353 3048 uerum
383 2988 572 3062 equestrium.
616 2981 721 3046 Pluut.
744 2981 839 3046 such.
864 3003 891 3047 v.
916 2989 971 3048 82:
1005 3007 1091 3063 quom
1113 2992 1156 3048 nii
1178 3007 1265 3064 quum

119 3086 240 3146 obrem
263 3085 294 3144 id
317 3084 423 3144 faciem
446 3084 588 3142 meruisse
610 3079 763 3143 arbitror?
807 3080 893 3146 Trin.
916 3082 953 3154 V,
979 3088 1007 3162 2,
1031 3085 1064 3147 5:
1103 3090 1192 3162 culpe
1219 3105 1267 3146 eu·

118 3185 211 3244 rue'sse
233 3184 374 3243 arbitror.
419 3179 545 3243 Terent.
568 3177 646 3242 Hec-
670 3176 712 3247 ΙΙ,
737 3181 764 3256 Ι,
790 3181 842 3241 18;
866 3185 911 3240 An
936 3184 1005 3257 quis
1027 3185 1090 3246 ruri
1113 3202 1179 3244 esse
1201 3203 1269 3244 ere·

120 3279 170 3340 bro
203 3283 303 3352 soleo,
333 3280 443 3338 nescire
470 3277 749 3348 presumptum
778 3280 900 3354 quisque
923 3287 1012 3354 pecto
1034 3282 1083 3341 hie
1104 3285 1193 3344 vitum
1219 3302 1268 3344 vo·

121 3385 249 3437 strorum
273 3378 394 3451 exiget?
423 3373 500 3438 Caio
524 3376 604 3436 snut.
620 3372 810 3451 p1·0Rh0d.:
836 3377 920 3450 Quod
935 3380 1011 3439 bene
1027 3380 1128 3441 fecere
1144 3382 1270 3442 votuisse

123 3477 186 3549 quis
210 3475 285 3534 dicit
307 3476 361 3549 (sc.
385 3469 444 3552 se).
489 3471 592 3536 Plaut.
618 3469 689 3534 Aul.
713 3469 740 3541 I,
764 3477 793 3550 2,
818 3477 871 3536 30:
894 3476 1036 3537 Diuidere
1058 3481 1174 3554 urgenti
1196 3480 1273 3540 uteie

122 3591 225 3634 numos
259 3575 290 3632 in
324 3574 402 3634 viros
430 3595 471 3622 =
501 3587 534 3632 se
562 3568 735 3632 divisurum
763 3587 843 3634 esse.
900 3570 989 3652 Capt.
1019 3573 1044 3654 I,
1074 3578 1103 3653 2,
1134 3580 1187 3638 91:
1224 3579 1272 3638 Ad

123 3669 258 3742 fratrem,
282 3671 405 3746 quoire
428 3669 570 3742 dixeram,
594 3687 661 3727 mox
683 3670 773 3727 ivero.
834 3665 924 3746 Epid.
947 3670 1001 3742 IV,
1027 3676 1056 3742 2,
1080 3677 1137 3736 33:
1161 3676 1271 3736 Adule.

125 3777 257 3828 scentem
281 3768 417 3843 equidem
440 3767 575 3826 dicebaut
596 3765 705 3826 emisse.
731 3764 843 3827 Bacch.
866 3765 921 3846 IV,
946 3773 974 3846 9,
1002 3774 1074 3831 115:
1098 3773 1170 3832 haut
1193 3791 1271 3834 eom·

127 3867 243 3924 mittem
266 3874 308 3938 ut,
332 3865 431 3940 siquid
453 3870 609 3938 peecatum
633 3866 698 3939 siet,
728 3865 841 3924 Fecisse
863 3865 945 3926 dieas
967 3869 1002 3927 de
1026 3887 1092 3930 mee
1113 3875 1272 3933 sententie.

126 3958 210 4024 Men.
235 3962 275 4041 ΙΙ,
300 3967 328 4039 3,
355 3967 405 4024 15:
430 3963 534 4021 Dicam
560 3962 686 4021 curere?
709 3977 750 4022 sc.
767 3963 807 4022 te.
840 3960 904 4026 Mil.
928 3962 970 4040 II,
994 3968 1022 4039 2,
1048 3970 1102 4030 76:
1127 3971 1201 4027 Tute
1217 3971 1274 4028 hoe

52 4111 55 4120 ,
129 4061 154 4118 si
182 4081 258 4122 unus
285 4061 416 4132 recipere
438 4061 475 4118 ad
498 4066 527 4120 te
550 4059 623 4119 diets
648 4066 702 4132 (sc.
727 4059 781 4133 te.)
825 4057 919 4122 Poun.
943 4061 967 4138 l,
992 4067 1020 4140 2,
1044 4069 1099 4127 47:
1122 4068 1180 4126 Die
1201 4063 1298 4125 dere

129 4153 189 4236 (sic
214 4158 319 4222 Herm.
344 4155 382 4219 el.
407 4173 436 4235 p.
462 4160 536 4235 2973
560 4153 640 4236 ΔΘρ
657 4158 746 4230 deri).
798 4156 857 4236 ΙΙΙ,
885 4165 910 4237 1,
935 4163 988 4222 28:
1011 4163 1098 4224 Nune
1121 4181 1191 4224 vero
1207 4166 1277 4238 quis

183 4257 266 4306 notrae,
281 4257 391 4309 syntaxis.
418 4256 447 4296 11.
1051 4270 1069 4326 3
