3048 4770
216 212 279 274 262
517 203 578 243 OAl'.
595 205 639 243 xv.
654 204 803 244 nocrnrnn
818 203 1070 245 enuncianronum.

216 396 345 456 laturum
368 411 434 454 esse
458 392 546 456 eum?
590 391 646 472 IV,
672 398 698 468 l,
723 397 756 456 8:
789 399 862 459 heus
892 399 946 458 tibi
971 397 1047 461 dico.
1093 395 1165 462 MY.
1189 396 1312 477 Mihinc,
1336 401 1375 458 mi

216 489 281 554 vir?
324 488 363 571 V,
386 494 416 569 4,
441 496 473 555 3:
498 492 630 552 Certen?
675 490 809 572 Adelph.
834 494 859 572 I,
888 501 919 572 1,
945 499 1000 558 53;
1032 497 1090 558 Sed
1115 498 1269 556 44444414
1286 497 1376 571 ipsus

217 591 254 651 de
281 609 339 667 quo
370 590 517 666 agebam?
563 592 598 668 2,
626 593 659 652 3:
691 591 761 650 Scin
794 595 852 654 iam
880 595 950 670 quid
977 595 1075 656 tristis
1111 613 1166 668 ego
1195 593 1271 654 sim?
1316 591 1375 656 ΜΙ.

217 690 301 749 dixin
323 691 381 749 hoc
403 685 489 751 torel
514 689 572 765 (=
594 687 718 762 nonne).
742 706 771 750 v.
794 696 835 754 47
846 709 854 749 τ
884 695 950 753 Tuo
973 695 1105 756 consulis
1128 690 1309 768 quicquam?
1346 709 1376 755 4.

218 789 276 850 48;
300 788 399 846 Sicine
421 787 505 863 agis?
547 783 590 864 11,
619 790 724 865 1,29;
751 789 834 850 hicio
862 779 1033 854 libertatem
1057 791 1140 850 siunt
1163 807 1229 850 esse
1253 807 1378 866 aequam

219 885 375 946 omnibus?
418 883 475 966 ΙΙΙ,
500 889 529 963 3,
552 887 607 949 46':
634 886 710 960 Quid
734 887 821 948 eum?
849 891 984 952 vidistin*
1003 887 1116 949 hodie?
1159 885 1220 950 SY.
1250 889 1380 948 Tuumne
1494 905 1495 924 ¹

218 981 336 1045 filium?
379 1000 408 1044 4.
432 988 490 1048 48:
524 985 611 1046 Satin
641 986 700 1045 scis
730 985 771 1044 ibi
795 988 883 1049 esse?
927 1003 955 1050 4.
979 989 1038 1050 84:
1069 986 1129 1047 Sed
1145 987 1211 1062 quis
1235 987 1299 1046 illic
1323 992 1377 1059 est,

219 1099 305 1155 quem
330 1083 415 1143 video
438 1082 567 1158 procul?
604 1089 688 1144 estne
719 1085 813 1158 Hegio
842 1087 972 1147 Tribulis
1000 1085 1125 1146 noster?
1169 1087 1207 1162 4,
1232 1085 1286 1148 32:
1322 1086 1380 1144 Pro

219 1186 324 1239 certon
354 1185 386 1240 tn
408 1181 502 1242 istaec
530 1182 627 1242 dicis?
671 1177 726 1257 IV,
751 1184 783 1259 2,
814 1186 870 1246 40:
905 1185 1023 1244 Censen
1046 1185 1195 1245 hominem
1219 1193 1267 1242 me¹
1291 1181 1381 1243 esse?

219 1277 275 1352 (=
297 1277 425 1352 noune).
472 1283 501 1356 7,
526 1281 580 1341 30:
605 1279 751 1339 Sanumn'c
774 1283 872 1344 credis
895 1287 925 1342 te
949 1279 1035 1342 esse?

302 1372 332 1437 b.
378 1377 426 1437 Ne
454 1374 677 1452 dubitativum
700 1374 882 1442 adnectitur
911 1377 1083 1443 acomicis
1115 1376 1214 1442 etiam
1237 1375 1382 1442 relativis
1494 1443 1495 1456 ,

220 1471 461 1552 pronominibus
485 1477 649 1538 contracta
670 1472 706 1538 in
728 1475 881 1539 oratione.
914 1475 995 1540 Nam
1018 1494 1076 1559 pro
1093 1493 1140 1554 eo,
1164 1475 1248 1556 qnod
1273 1475 1382 1540 dicen·

218 1569 294 1652 dum
317 1576 403 1650 eret,
428 1579 509 1635 estne
529 1575 593 1652 illc,
617 1575 685 1651 qut,
717 1578 787 1634 1444
816 1594 860 1653 44,
887 1577 953 1651 qai,
976 1573 1083 1638 Latini
1113 1573 1262 1640 dixerunt
1284 1576 1382 1652 quine,

220 1667 316 1746 quod
329 1670 442 1734 maiori
466 1689 536 1735 cnm
560 1670 591 1733 vi
613 1669 832 1736 admirationis
854 1672 1112 1752 pronuntiabant.
1144 1669 1382 1752 Nonnunquam

220 1764 258 1844 is,
282 1765 336 1845 qui
357 1765 406 1832 ita
426 1761 578 1849 loquitur,
601 1785 665 1832 non
686 1769 822 1834 miratur
845 1769 884 1834 de
906 1789 942 1835 re
965 1769 1117 1850 dicenda,
1139 1769 1195 1835 scd
1218 1769 1258 1834 de
1283 1786 1382 1849 quae-

220 1863 322 1929 stione
345 1863 432 1930 inani
455 1866 597 1946 ulterius,
621 1865 774 1947 quiante
798 1869 950 1949 loquutus
973 1871 1031 1934 est.
1056 1867 1174 1944 (Hand.
1197 1885 1228 1948 p.
1254 1873 1293 1931 77
1309 1865 1382 1948 sq.).

220 1960 326 2027 Plaut.
350 1964 465 2046 Amph.
490 1964 537 2043 ΙΙ,
569 1969 606 2045 2,
630 1969 686 2029 65:
719 1970 846 2064 Quaene
868 1971 995 2046 vigilans
1023 1967 1175 2029 somniat?
1202 1965 1234 2028 h.
1259 1983 1287 2030 e.
1321 1983 1383 2030 see.
1494 2031 1495 2066 3

221 2059 369 2126 Taubm.:
398 2064 473 2143 quid
496 2081 579 2143 opus
601 2067 653 2128 est
675 2062 870 2131 Alcumenae
893 2083 1020 2135 somno,
1051 2081 1132 2142 quae
1162 2063 1299 2144 vigilans
1322 2063 1385 2129 iam
1494 2077 1495 2138 ῑ

221 2160 382 2224 somniat?
448 2160 541 2228 Cure.
565 2160 603 2241 V,
630 2167 657 2241 3,
682 2166 738 2228 27:
760 2165 883 2242 Quodne
903 2165 1062 2242 promisti?
1108 2160 1184 2232 Gist.
1206 2160 1263 2240 IV,
1289 2167 1327 2242 2,
1351 2166 1384 2226 6:

222 2261 357 2336 Quamne
389 2264 422 2322 in
455 2263 591 2324 manibus
625 2265 708 2324 tenui
742 2271 832 2340 atque
866 2265 971 2339 accepi
1002 2264 1094 2339 cett,
1128 2259 1214 2340 quod
1243 2258 1384 2340 elliptice

223 2355 340 2422 dictum
365 2363 425 2438 est,
448 2364 554 2426 mente
579 2359 663 2424 enim
686 2355 882 2424 addendum:
905 2358 987 2424 hanc
1002 2359 1160 2439 perditam
1184 2377 1265 2423 esse.
1291 2357 1384 2438 Epid.

220 2453 259 2536 V,
284 2462 319 2535 2,
345 2463 404 2522 54:
437 2462 573 2536 Quamne
588 2461 676 2521 hodic
700 2451 755 2534 pe'r
777 2461 880 2520 urbem
906 2465 1032 2534 uterque
1050 2477 1148 2519 sumus
1165 2457 1278 2519 defessi
1294 2475 1385 2534 quae·

221 2557 314 2618 rere?
340 2558 490 2636 (4444444,
512 2556 597 2636 quod
617 2559 670 2620 'est
692 2556 724 2620 in
741 2555 810 2620 edd.
827 2558 905 2620 vett
922 2573 981 2636 pro
996 2574 1127 2634 444444,
1151 2555 1299 2620 restituit
1311 2569 1382 2618 cum

222 2653 342 2718 Weisio
366 2654 524 2736 Ladewig.
549 2653 705 2718 Zeitschr.
728 2652 750 2719 f.
775 2651 910 2719 Altertln.
937 2657 1034 2732 1841,
1063 2671 1094 2734 p.
1122 2657 1223 2727 10811.
1268 2651 1385 2731 Mill,

229 2761 254 2832 1,
280 2756 332 2816 13:
356 2755 485 2830 044444
508 2745 562 2829 ego
586 2757 702 2815 servavi
723 2757 799 2818 cett
814 2777 859 2807 =
873 2769 1003 2832 eumne,
1028 2769 1131 2832 quem,
1154 2765 1196 2814 an
1217 2768 1291 2814 enm
1307 2749 1386 2815 dicis

225 2867 328 2928 qoem.
353 2869 381 2914 v.
405 2849 574 2930 Scioppius
597 2868 683 2932 susp.
710 2850 797 2916 lectt.
821 2852 858 2930 V,
876 2855 904 2915 7.
927 2849 993 2914 Mil.
1010 2867 1043 2914 4.
1065 2854 1142 2914 614;
1165 2850 1289 2926 Quodne
1304 2851 1387 2910 vobis

222 2951 353 3030 placeat,
377 2953 536 3027 displiceat
558 2951 656 3014 mihi?
699 2948 754 3028 IV,
780 2954 808 3028 l,
832 2949 1157 3028 4444444441
1203 2942 1303 3014 Mero.
1327 2944 1386 3024 Ill,

224 3054 253 3126 3,
281 3053 338 3112 12:
374 3049 494 3128 Quodne
516 3050 651 3128 ament,
676 3047 730 3113 ubi
752 3042 880 3112 lamb-z
906 3047 1131 3126 „Pervorsenc
1154 3044 1231 3110 lacit
1251 3045 1297 3121 is,
1321 3044 1386 3124 qni,

223 3145 306 3226 quod
330 3152 426 3225 amat,
449 3147 482 3211 id
505 3144 687 3213 osculetur“
711 3150 788 3211 cett.
802 3145 891 3212 ¹Rnd.
917 3163 944 3209 4.
969 3145 1030 3214 niu
1061 3143 1098 3226 (Ι,
1124 3142 1244 3220 5,1n):
1267 3147 1388 3222 Quaeso

224 3249 339 3308 eiectae
368 3265 384 3308 e
415 3250 491 3310 mari
515 3250 605 3308 simus
635 3247 754 3320 ambae,
789 3264 930 3325 opsecro,
964 3247 1050 3308 Unde
1081 3259 1137 3306 uos
1159 3245 1387 3318 hostias-agere

224 3346 345 3405 voluisti
368 3346 446 3405 huc‘l
490 3341 549 3419 ΙΙΙ,
574 3347 603 3422 6,
628 3347 683 3408 23:
713 3345 835 3419 Rogas?
867 3347 965 3422 Quinc
987 3344 1164 3405 arrabonem
1190 3359 1276 3414 ame
1301 3359 1387 3402 4444·

221 3443 294 3518 pisti
319 3445 357 3503 ob
381 3445 601 3506 mudercmEt
624 3461 690 3529 cam
713 3444 782 3505 hino
806 3434 929 3505 nveiti?
973 3439 1029 3518 IV,
1055 3443 1085 3518 3,
1107 3441 1165 3503 30:
1186 3441 1318 3518 Quemne
1334 3457 1392 3515 ogo

224 3542 330 3616 excepi
357 3543 388 3601 in
419 3542 513 3602 mari?
557 3534 686 3604 Terent.
714 3539 815 3605 Andr.
839 3539 894 3621 IV,
919 3547 957 3622 4,
989 3543 1044 3604 23:
1073 3541 1209 3616 ,044444
1236 3556 1294 3614 ego
1323 3539 1390 3606 hori

224 3639 346 3700 ridi-ad
369 3659 421 3702 444
446 3640 560 3701 adferri
584 3642 723 3721 vesperi?

236 3759 238 3768 ’
311 3755 337 3800 4.
383 3735 432 3801 Ab
459 3737 508 3802 his
531 3755 594 3802 non
618 3736 752 3802 multum
776 3735 1011 3815 diuersasunt,
1034 3734 1203 3814 inquibus
1227 3731 1389 3813 pronomi-

224 3833 319 3899 nibus
341 3833 582 3920 interrogativis
605 3835 756 3904 adiicitur
785 3853 848 3912 nc,
873 3835 958 3914 quod
993 3831 1194 3916 grammatici
1224 3831 1388 3896 44141444-

225 3933 365 4001 dantiam
389 3935 558 4015 quamdam
582 3933 735 3999 referunt.
782 3933 843 3998 Sed
864 3934 1057 4015 designatur
1076 3929 1307 4012 magnitudinis
1336 3927 1390 3996 441

225 4031 372 4098 veniatis
402 4033 449 4097 rei
483 4033 666 4111 admiratio,
700 4049 782 4112 quae
811 4050 870 4112 per
900 4030 1089 4112 particulam
1119 4049 1156 4094 44
1184 4029 1231 4094 ita
1254 4025 1387 4110 exprimi

226 4140 342 4214 potest,
367 4138 403 4196 ut
423 4137 559 4214 negetur
573 4131 623 4210 id,
638 4131 726 4211 *quod
740 4130 859 4211 opponi
875 4123 987 4212 possit.
1012 4127 1128 4210 (Hand.
1146 4147 1177 4210 p.
1195 4131 1260 4197 78).
1284 4125 1387 4203 Plapt

227 4228 305 4294 (list.
330 4229 383 4309 IV,
410 4237 436 4312 1,
462 4241 497 4296 2:
531 4249 607 4308 qnae
631 4231 739 4294 dudum
771 4230 882 4298 fassust
904 4230 993 4304 milri,
1023 4245 1140 4302 444444·
1166 4229 1281 4294 inficias
1305 4224 1388 4302 eati,
