3090 4768
200 187 242 248 60
637 175 770 216 VERBUM.
797 173 862 218 ΌᾺΡ.
876 177 908 256 ΙΙ.ι

200 371 303 439 rauco,
334 371 439 444 nequis
469 387 515 430 me
544 371 747 460 cognosceret.
783 363 908 429 Heaut.
933 364 958 443 1,
987 371 1012 444 1,
1035 370 1094 430 el:
1117 367 1186 428 ‘'nisi
1207 387 1273 438 eos,
1303 371 1355 444 qui

175 471 283 553 'opere
305 471 413 528 roetico
438 464 591 527 Faciundo
611 466 705 562 ¹iacile
730 473 875 539 sumptum
898 468 1071 525 exercirent
1088 477 1179 530 suom.
1207 464 1261 544 lv,
1275 469 1303 544 2,
1317 470 1353 532 8:

181 567 249 626 uit
279 573 338 626 tam
362 566 527 641 difficilest,
541 583 544 588 ·
559 568 627 640 quin
652 565 819 649 quaerendo
842 565 1014 638 investigari
1038 566 1158 638 possiet.
1200 563 1267 626 Res
1291 578 1355 642 qua

189 659 318 742 'aliquid
341 663 544 742 cognoscitur
561 661 721 742 ‘gestandis
744 666 898 739 expressa
922 663 974 722 est
995 657 1099 723 Plaut.
1125 661 1238 740 Amph.
1263 660 1305 740 Il,
1325 667 1354 742 1,

188 765 254 825 »412
277 778 383 838 oreque
412 763 506 834 faudo
542 769 678 838 umquem
707 760 826 832 occepit?
851 761 1020 837 quisquam,
1056 759 1111 821 ubi
1137 759 1221 838 qnod
1248 757 1355 824 Taob·

197 873 332 922 mannos
355 863 484 922 secutus
507 857 637 921 Bosium
660 856 820 936 passivum
835 852 1103 940 significationem
1126 857 1280 936 gerundio
1305 858 1354 922 in·

195 955 281 1021 terre
310 956 450 1035 voietat,
485 955 526 1020 de
545 973 591 1018 eo
618 954 689 1018 vide
717 969 798 1033 quae
830 971 929 1032 supra
960 953 1123 1032 disputata
1152 959 1237 1018 snnt.
1289 954 1353 1019 Pro

195 1055 422 1119 'renunciatione
457 1047 664 1118 conditionali
692 1051 880 1132 gerundium
902 1048 938 1114 in
961 1041 1102 1116 uolatiro
1131 1053 1271 1132 positum
1303 1059 1354 1118 est

192 1151 266 1218 ‘loco
288 1151 491 1232 caroniam.
511 1151 598 1217 deli.
620 1145 678 1230 XI,
702 1155 736 1215 2:
770 1155 845 1214 Nam
874 1155 937 1214 vita
951 1153 1084 1212 numana
1103 1159 1201 1229 prope
1223 1155 1268 1213 nti
1291 1153 1353 1214 ie‘r·

180 1261 261 1312 ¹r'nm
278 1247 352 1314 ‘'est.
377 1254 406 1312 ‘se'
429 1269 572 1320 coerceas,
595 1253 776 1323 conteritnr;
801 1253 831 1310 si
854 1267 912 1311 nou
936 1263 1093 1325 exerceas,
1123 1249 1225 1311 tamen
1248 1252 1354 1328 rubigo

196 1351 351 1411 interficit.
374 1353 446 1410 item
471 1351 604 1410 homines
625 1349 784 1408 coercendo
805 1349 938 1408 ridemus
962 1351 1091 1422 conterr'3
1122 1352 1146 1409 si
1170 1351 1242 1409 nihil
1267 1354 1353 1410 exei-

188 1453 275 1522 teas,
291 1435 409 1510 'inertia
435 1451 523 1522 atque
544 1448 674 1521 torpedo
700 1451 772 1521 pins·
791 1448 966 1506 *detrimenti
986 1446 1063 1506 ¹iacit
1087 1450 1173 1522 quiam
1197 1449 1351 1510 exercitio.

194 1545 246 1610 ire
278 1530 420 1624 tempore
452 1544 547 1607 etiam
586 1561 649 1606 non
677 1548 831 1616 tamena
860 1544 890 1606 vi
921 1555 1015 1621 onam
1038 1543 1195 1608 adiutum
1212 1545 1351 1609 ablativo

195 1655 273 1708 casu
307 1647 340 1706 et
373 1642 563 1723 gerundium
597 1647 630 1706 et
660 1639 871 1722 gerundivum
901 1639 963 1704 dici
993 1647 1025 1705 et
1054 1642 1101 1705 ita
1123 1645 1164 1706 ad
1185 1642 1352 1722 participii

195 1741 375 1822 praesentis
403 1740 466 1804 vim
495 1741 649 1804 accedere
677 1746 709 1804 et
736 1741 927 1818 interpretes
955 1745 1051 1818 atque
1074 1741 1273 1820 grammatici
1302 1742 1352 1804 in·

181 1836 398 1916 tolleremur,
422 1843 455 1902 et
477 1845 564 1901 usos‘
577 1839 646 1917 ipse
669 1838 864 1917 comprobat,
886 1838 998 1918 negari
1020 1849 1126 1902 tamen
1148 1855 1214 1902 non
1242 1845 1352 1918 potest

195 1946 293 2015 saepe
315 1935 466 2016 temporis
490 1932 711 2016 significatmni
735 1935 995 2000 admixtamcsse
1012 1936 1180 2015 causalem,
1205 1955 1233 2000 v.
1247 1935 1351 2016 voti,

195 2049 226 2114 p.
253 2039 323 2098 114.
368 2033 464 2100 Naeu.
488 2031 611 2098 Oetacis
633 2032 669 2095 fr.
699 2041 728 2097 lv:
762 2037 879 2094 Polluxi
907 2037 961 2094 tibi
984 2037 1042 2096 ianr
1056 2037 1240 2109 *publicando
1264 2037 1349 2110 epulo

193 2127 335 2194 Herculis
359 2137 516 2194 Decumas.
551 2130 629 2195 Cato
652 2129 750 2196 it.=R.
775 2147 803 2196 o.
830 2133 905 2196 134:
929 2136 1000 2194 iane
1021 2141 1120 2209 pater,
1145 2142 1173 2197 te
1198 2135 1349 2195 haustroe

191 2233 405 2293 commovendo·
419 2234 642 2306 bonas'preces
665 2244 782 2308 precor.
828 2229 889 2294 Ib.:
912 2233 1049 2306 Iuppiter
1068 2240 1106 2292 te
1125 2235 1179 2294 troo
1194 2232 1352 2312 scroto‘ob-

142 2377 145 2382 Α
193 2332 449 2391 mouendo'bonus
473 2338 578 2406 preces
599 2347 719 2406 precor.
764 2329 832 2393 ihs·
849 2333 900 2390 uti
914 2339 945 2390 te
968 2335 1048 2390 atrae
1069 2333 1277 2392 commovendo
1300 2331 1351 2392 bo-

191 2435 248 2490 'iras
276 2437 387 2505 preces
416 2432 492 2488 bene
519 2430 669 2503 precatus
692 2439 764 2488 sum.
807 2423 843 2490 O.
871 2431 946 2492 439,
985 2429 1057 2490 Eius
1081 2433 1126 2490 rei
1150 2449 1220 2506 ergo
1243 2439 1272 2490 te
1292 2421 1353 2490 'too

184 2533 280 2603 porco
298 2528 422 2601 piaculo
441 2527 619 2586 demetenda
644 2528 736 2586 bonas
760 2536 866 2600 preces
884 2542 1006 2600 precor.
1051 2525 1154 2590 Plaut.
1179 2525 1272 2605 Epio.
1289 2525 1351 2606 III,

194 2627 225 2703 '3,
238 2626 295 2686 52:
319 2626 431 2698 popots
442 2625 642 2683 memorandis
656 2623 939 2684 meis'Eradioabum
955 2627 1105 2685 hominum
1123 2627 1214 2686 turis.
1261 2620 1365 2687 Pera

186 2720 219 2790 -Ι,
246 2725 273 2798 l,
298 2727 330 2783 5:
369 2724 414 2781 Ito
436 2722 476 2782 fio
503 2724 595 2780 miser
616 2723 782 2794 quaerendo
804 2727 926 2796 oromate
948 2728 1057 2784 marton.
1103 2721 1232 2785 Terent.
1251 2717 1350 2787 Andr.

194 2811 351 2896 V,14,35:
375 2821 431 2878 Vix
455 2827 516 2879 sum
541 2821 617 2894 apud
641 2837 697 2894 me,
721 2823 764 2880 ita
781 2823 905 2880 animus¹
923 2829 1086 2882 commotus
1108 2831 1156 2882 est
1179 2827 1268 2898 metu,
1286 2839 1350 2898 spe,

192 2919 312 2993 ¹gaudio,
345 2917 481 2976 mirando
510 2921 563 2978 doc
585 2926 644 2977 tam
667 2919 762 2978 audito
783 2925 816 2978 et
837 2921 988 2992 repentino
1012 2921 1099 2998 douo,
1133 2919 1217 2997 quod
1244 2917 1352 2980 Dono-

193 3019 249 3078 tus
270 3031 330 3094 per
349 3017 421 3076 dom
442 3018 536 3075 miror
557 3015 704 3094 explicat.
749 3015 868 3079 Eadem
888 3016 1014 3080 ratione
1036 3016 1108 3080 dere
1123 3033 1189 3095 ‘qua
1211 3015 1279 3080 solo
1293 3016 1353 3079 ab·

194 3112 291 3177 lativo
315 3113 423 3176 addita
445 3113 680 3193 praepositione
702 3115 735 3174 tu
757 3121 883 3194 tempus
908 3111 1119 3194 significatum
1144 3109 1248 3178 sed'id
1264 3115 1352 3177 vide-

194 3211 254 3274 tur
274 3212 357 3275 inter
378 3222 545 3290 utramque
562 3212 828 3275 constructionem
844 3213 1007 3291 interesse,
1031 3213 1115 3291 quod
1137 3213 1192 3276 ubi
1206 3212 1352 3294 proprie-

193 3313 245 3370 tas
275 3309 438 3386 ‘quaedam
476 3309 683 3387 describitur,
721 3309 886 3374 ¹ablativus
922 3310 1079 3374 actionem
1113 3311 1216 3390 addit,
1257 3311 1350 3376 cums

194 3412 344 3484 respectu
372 3407 426 3469 rei
448 3406 499 3470 vel
522 3414 677 3486 personae
700 3407 866 3483 tributum
897 3409 1092 3488 praepositio
1123 3425 1203 3488 eam,
1231 3410 1263 3472 in
1283 3411 1351 3488 ‘q'ua

193 3509 349 3586 appareat
371 3511 405 3566 et
428 3505 657 3590 conspiciatur-3
678 3505 734 3569 ‘utut
759 3505 841 3569 actio
865 3511 916 3570 est
930 3506 1139 3570 descritumda
1152 3507 1283 3570 ablativi
1302 3507 1350 3572 vis

190 3601 333 3666 causalis
355 3602 401 3665 ita
423 3605 473 3667 est
495 3603 665 3666 obscurata
688 3611 721 3666 et
742 3602 918 3683 debititate,
941 3609 976 3668 nt
995 3605 1027 3668 in
1042 3605 1266 3669 coniunctione
1281 3613 1348 3666 oum

186 3705 229 3763 ¹et
254 3699 287 3764 in
317 3700 465 3766 ablativis
492 3700 569 3764 illis:
604 3702 757 3781 adventu,
787 3702 930 3767 discessu
954 3702 1012 3766 all.
1039 3702 1156 3766 factum
1187 3703 1349 3781 videntum

188 3799 389 3880 &praepositio
412 3804 481 3862 eam
503 3814 571 3862 rom
593 3800 644 3862 vel
667 3801 823 3865 actionem
837 3799 1010 3866 coornatur
1028 3799 1063 3862 'in
1079 3807 1141 3878 qua
1158 3799 1351 3865 alteracon-

189 3896 335 3962 cluditur
356 3902 390 3961 et
412 3897 600 3975 continetur,
624 3901 659 3960 ot
682 3901 760 3970 dom,
783 3899 943 3963 interdum
966 3899 1061 3962 etiarn
1078 3917 1144 3960 eom
1164 3903 1349 3977 usurpatur.

193 3994 338 4075 Utroode
371 4002 478 4059 autem
496 4011 498 4020 ¹
513 3995 609 4060 medo
643 3999 770 4076 teinpus
804 4003 837 4062 et
870 3997 1009 4062 conditio
1040 3997 1237 4077 designatur·
1283 3995 1350 4072 cSic

193 4091 371 4158 Weissenb.
395 4105 435 4174 p.‘
451 4099 520 4172 131,
545 4093 762 4174 adnot-raas).
808 4093 910 4158 Plaut.
934 4095 1049 4175 Amph.
1071 4094 1152 4174 prol.
1180 4099 1194 4157 1
1218 4097 1281 4172 su:
1314 4098 1352 4154 to

187 4195 300 4254 *mstis
321 4223 363 4236 -
387 4193 584 4256 momento
605 4195 756 4256 moedis
784 4196 1013 4268 vendundisque.
1058 4193 1154 4258 Stich.
1179 4191 1204 4272 I,
1236 4198 1260 4272 l,
1292 4197 1349 4258 544
