3076 4762
216 149 278 212 184
649 137 776 185 will.
804 138 869 181 (itl'.
881 139 930 181 xu.

214 333 409 406 benignitatis
432 347 528 406 neque
555 331 626 407 quid
649 347 695 393 me
718 347 794 400 ores,
811 332 933 408 cogitas.
979 332 1014 404 3,
1038 331 1093 392 31:
1125 328 1247 412 Quidvis
1275 327 1378 402 topice

215 430 286 491 dum
307 447 344 488 oe
367 431 404 490 eb
427 429 484 490 hoc
506 445 553 488 me
576 427 643 489 felli
664 430 838 501 comperior.
884 425 965 490 Eun.
989 425 1031 504 II,
1055 430 1085 504 3,
1109 430 1163 491 29:
1186 443 1254 486 met
1275 427 1317 485 nil
1339 441 1375 486 re

215 526 288 599 fert,
311 528 382 590 cium
398 527 507 599 potior
526 527 618 590 modo.
663 525 701 604 V,
718 529 748 603 2,
773 529 828 590 51:
852 527 934 613 Ciuis
953 526 1038 586 modo
1061 527 1136 588 luceo
1158 525 1206 598 sit,
1231 520 1285 587 ubi
1304 522 1375 581 dem

215 624 334 693 omisso
357 622 458 689 solum
473 625 558 687 modo
573 620 837 703 significationem
852 622 950 689 hebet
972 630 1053 702 part
1069 622 1233 686 aarum
1256 618 1373 690 Heaut

214 721 274 801 ΠΙ,
302 728 328 801 l,
352 726 407 786 57:
437 722 520 782 Dum
549 723 632 784 illurn
664 723 748 784 modo
770 725 894 790 meam
917 737 1057 785 mecum..
1084 719 1162 785 Heo.
1185 717 1240 798 IV,
1263 725 1294 796 4,
1319 722 1376 785 122

215 822 295 882 Dum
317 838 354 882 ne
377 821 548 884 redducam.

305 915 503 983 Coniunctivi
527 934 598 984 curn
629 920 719 980 doceo
746 916 906 984 coniuncti
928 933 1025 980 unum
1052 920 1178 980 tentum
1200 915 1286 995 apud
1309 913 1375 994 pri-

216 1032 289 1080 scos
308 1014 483 1093 scriptores
504 1014 684 1096 exemplum
707 1015 785 1080 milri
808 1014 960 1095 suppetit,
984 1032 1035 1094 op.
1059 1012 1212 1082 Catonem
1235 1014 1273 1078 lt.
1293 1013 1329 1077 R
1347 1031 1379 1078 o·-

216 1118 273 1178 54:
288 1117 404 1191 lisque
433 1117 549 1184 cunum
580 1117 667 1194 doto,
698 1117 788 1180 docear
815 1118 940 1176 crescat
991 1114 1041 1178 De
1071 1112 1272 1178 coniunctius
1302 1129 1378 1196 curn

216 1213 307 1284 douae
329 1212 495 1276 coniuncto
519 1210 665 1276 Hendius
681 1211 818 1276 Turseli.
833 1209 876 1288 ll,
892 1229 923 1290 p.
941 1215 1002 1276 295
1026 1210 1071 1274 sic
1086 1209 1246 1290 disputat:
1270 1207 1378 1288 „Con-

216 1309 358 1374 iunctivo
382 1308 473 1374 locus
495 1315 555 1387 est,
580 1309 635 1375 ubi
657 1310 827 1376 intercedit
856 1327 958 1374 nexus
978 1308 1121 1390 partium
1142 1307 1310 1388 temporis,
1341 1312 1378 1372 et

218 1423 272 1472 res
295 1411 452 1486 perpetue
474 1405 591 1470 dicitur
612 1408 645 1472 in
667 1407 762 1473 eliam
788 1407 936 1472 onducto
952 1424 1033 1482 esse,
1055 1405 1124 1472 sive
1139 1403 1201 1472 hoc
1221 1403 1278 1470 fiat
1300 1423 1377 1470 cons

217 1505 298 1584 silio,
322 1504 391 1568 sire
413 1522 534 1570 caussa.
566 1504 659 1581 Quod
681 1506 728 1571 sic
743 1506 858 1586 evenit,
881 1504 998 1584 pendet
1013 1504 1054 1569 ab
1070 1504 1171 1570 ultera
1186 1524 1230 1570 re.
1267 1501 1379 1580 Quare

217 1601 440 1668 coniunctione
460 1601 535 1682 poni
560 1608 682 1684 potest,
705 1605 831 1684 quaudo
846 1648 849 1657 ·
863 1603 980 1670 dicitur
1013 1603 1080 1668 vel.
1097 1602 1290 1684 intelligitur
1314 1616 1376 1662 mn

216 1702 340 1768 ummo,
366 1707 399 1764 et
420 1719 481 1762 noo
498 1704 705 1776 poosqooof‘

304 1801 356 1860 27.
400 1797 449 1864 De
480 1804 638 1872 conquam
667 1808 700 1864 et
720 1805 902 1876 priusquam
928 1817 1000 1866 curn
1031 1799 1232 1866 coniunctius
1257 1796 1378 1880 iunctis

216 1894 384 1960 audiamus
407 1893 545 1975 primum
568 1895 729 1962 Hoodium
752 1898 888 1964 Turseli.
910 1899 935 1977 Ι,
958 1918 988 1980 p.
1014 1904 1075 1964 398
1098 1915 1181 1978 sqqc
1205 1895 1300 1978 „Res
1323 1894 1377 1960 cui

217 1991 282 2060 nlla
303 1991 482 2072 praecedit,
516 2000 574 2058 eut
602 1996 673 2075 ipso
694 2004 830 2075 apparet
859 1998 891 2061 in
915 2003 1070 2078 tempore,
1093 2013 1157 2076 quo
1180 1993 1230 2075 fit,
1261 1999 1375 2058 utres

217 2107 289 2156 cum
312 2108 347 2156 re
370 2099 583 2170 comparetur,
606 2101 664 2158 aut
685 2093 876 2174 intelligitur
900 2103 1062 2176 tamquam
1085 2092 1297 2174 exspectanda
1317 2090 1379 2170 ite,

217 2193 255 2252 ut
280 2188 493 2255 conditionem
521 2190 661 2271 aliquam
684 2191 798 2272 addat,
824 2198 860 2257 et
888 2199 1015 2274 tempus
1043 2211 1114 2258 cum
1137 2191 1272 2258 alterius
1295 2194 1377 2254 tem·

217 2285 306 2367 poris
329 2287 454 2352 ratione
476 2296 696 2369 componetur.
726 2288 864 2356 illudio
888 2292 984 2358 rebus
1000 2293 1079 2373 ipsis
1095 2292 1301 2357 observatum
1316 2303 1378 2367 per

217 2384 442 2465 indicativum,
475 2385 536 2451 hoc
563 2387 757 2469 cogitatione
787 2386 926 2466 positum
956 2409 1015 2470 per
1042 2389 1292 2465 coniunctium,
1320 2383 1377 2464 qui

216 2483 454 2549 ratiocinationi
476 2484 620 2568 inservit,
646 2485 842 2566 exprimitur.
888 2486 991 2567 quue
1015 2488 1048 2552 in
1078 2502 1268 2567 quacunque
1291 2501 1377 2548 eom·

217 2583 384 2661 paratione
413 2583 632 2660 cognoscitur,
660 2601 741 2664 quoe
770 2592 827 2648 aut
853 2603 923 2650 rem
949 2585 1112 2666 componit
1139 2601 1211 2650 curu
1248 2599 1285 2648 re
1311 2580 1376 2645 iem

217 2679 347 2759 cognite
369 2685 403 2742 et
425 2678 608 2759 indicanda,
627 2690 684 2744 aut
698 2699 765 2748 rem
783 2682 907 2748 confert
921 2702 994 2748 oum
1011 2699 1059 2763 eo,
1082 2683 1168 2762 quod
1184 2697 1258 2746 esse
1271 2677 1380 2758 possit

220 2781 253 2841 et
281 2794 352 2840 esse
379 2775 572 2856 cogitatione
598 2779 739 2858 ponitur.
770 2780 907 2846 -Nos
943 2788 1116 2860 utrumque
1149 2777 1379 2858 distinguimus

216 2873 382 2938 uocabulis
410 2870 470 2954 tir
492 2881 526 2940 et
555 2873 679 2940 benet.
724 2876 762 2940 ln
792 2881 954 2959 praesenti
982 2886 1127 2960 tempore
1155 2893 1254 2960 quum
1276 2891 1385 2946 unum·

217 2975 351 3043 tentum,
375 2973 461 3051 qood
476 2981 622 3055 apparet,
647 2975 870 3055 conspicietur,
886 2979 1023 3044 alterum
1040 2977 1180 3042 nonnisi
1195 2971 1379 3054 exspectari

216 3074 250 3134 et
272 3070 408 3149 supponi
431 3071 541 3152 possit,
565 3075 730 3155 proprium
748 3073 856 3140 locum
879 3076 978 3142 habet
993 3075 1220 3142 coniunctivus.
1237 3105 1277 3136 τ-
1295 3069 1380 3136 Cou-

216 3166 369 3232 ditionem
397 3171 558 3248 respicere
587 3163 737 3252 oportet,
764 3191 847 3254 quae
875 3193 939 3240 non
966 3180 1091 3240 tantum
1126 3193 1145 3238 a
1179 3169 1312 3238 consilio
1343 3172 1379 3232 ct

217 3265 383 3330 uoluntate
413 3265 645 3348 proficiscitur,
671 3272 728 3335 sed
758 3278 791 3336 et
818 3273 1059 3338 ratiocinatione
1089 3271 1293 3352 supponitur.
1337 3264 1377 3330 Id

216 3362 347 3440 proprie
369 3359 407 3425 iit
427 3362 460 3426 in
482 3363 542 3429 hoc
564 3383 625 3430 usu
647 3368 836 3448 praesentis.
852 3403 895 3414 --
917 3370 1074 3450 Loquenti
1097 3368 1292 3451 permissum
1316 3365 1377 3438 est,

215 3461 327 3524 utrum
347 3475 416 3522 rem
438 3461 516 3526 velit
536 3462 676 3529 loturam
699 3484 736 3531 ac
756 3468 941 3547 possibilem
956 3470 1099 3550 cogitare
1115 3483 1249 3546 eamque
1264 3465 1380 3542 super-

217 3561 343 3620 struere
365 3558 546 3641 conditioni,
570 3580 610 3626 en
632 3567 754 3628 certem
777 3570 810 3629 et
823 3567 1003 3632 absolutam
1025 3584 1156 3648 ponere.
1171 3597 1215 3610 -
1230 3563 1268 3628 In
1283 3578 1380 3646 prae.-

217 3652 324 3718 teritis
346 3659 484 3734 emaque
504 3658 587 3722 ratio
602 3659 697 3726 valet.
726 3662 809 3728 Nom
833 3671 890 3730 aut
903 3652 956 3730 res
979 3665 1065 3731 iacta
1080 3668 1288 3746 comparetur
1303 3681 1380 3730 cum

216 3766 254 3814 ce
276 3751 473 3835 postfacto,
500 3761 653 3835 certaque
675 3758 754 3824 haec
780 3760 863 3826 ratio
892 3765 1080 3844 exprimitur
1105 3763 1286 3831 indicativo.
1303 3785 1386 3848 per··

215 3843 303 3926 fecti,
326 3854 383 3913 eut
404 3869 458 3917 res
479 3851 565 3918 iacta
586 3858 788 3936 componitur
803 3877 875 3924 curn
887 3861 960 3926 *aha
975 3862 1143 3928 etiamtum
1158 3868 1380 3947 exspectanda

217 3950 253 4009 et
287 3948 440 4026 temporis
466 3951 646 4016 conditione
679 3953 886 4038 cohaerente,
919 3960 1031 4040 idque,
1064 3977 1162 4040 quum
1193 3963 1380 4031 intercedat

218 4043 387 4152 cogitatio,
420 4063 479 4127 per
511 4048 691 4129 imperfecti
724 4061 757 4117 et
796 4054 1104 4137 musquemperfecti
1137 4062 1378 4130 coniunctivum

215 4138 424 4221 significetur.
472 4145 580 4224 oeque
611 4148 643 4212 in
677 4149 727 4214 his
754 4169 888 4232 quoque·
907 4154 1044 4220 liberum
1071 4161 1129 4222 est
1160 4161 1380 4241 scriptoribus
