3048 4770
254 174 317 236 234
544 166 607 206 ΟΔΙ).
620 166 667 208 xi.
695 165 848 206 DOCTRIM
874 165 1126 211 ΕΙΙΙΙΙΙΟΙΔΤΙΟΙΙῘΙΙ.

252 354 321 420 rius
343 359 486 435 tempus,
516 361 553 418 nt
573 353 642 420 iero
671 353 793 419 dictum
816 354 859 420 sit
880 371 939 434 pro
969 357 1094 422 Momm,
1138 355 1248 422 Tertio
1271 355 1406 438 denique

252 452 332 531 loco,
355 470 449 532 quem
472 450 577 530 affert,
607 452 712 517 Plaut
735 451 821 518 Men.
843 451 887 530 ΙΙ,
904 456 934 529 3,
957 456 1013 516 89:
1034 453 1144 529 (Erus)
1166 458 1257 518 Dicto
1274 460 1406 518 mccnit

251 553 429 624 audientem,
453 553 526 612 bant
542 555 753 627 imperatorem
769 553 835 625 sibi,
858 549 944 630 qnod
959 549 1099 629 explicat
1120 569 1193 632 per:
1217 557 1269 630 qui
1291 555 1405 616 iuturus

251 659 334 711 essct
357 650 437 710 dicto
453 652 588 723 audieus,
612 653 737 728 spectat
752 646 831 714 illud
852 649 930 710 dicto
952 647 1120 712 audientem
1143 667 1207 716 non
1228 655 1354 720 tantum
1368 650 1405 714 nd

251 743 411 824 futurum,
442 744 498 809 sed
527 746 623 812 etiam
646 746 688 810 ad
709 745 790 810 iilud
811 746 916 827 ipsum
939 751 1084 827 tompus,
1114 763 1178 826 quo
1201 748 1288 814 emit
1312 747 1406 812 Prac-

250 847 342 910 teron
373 860 585 908 commemoro
613 853 701 910 recte
723 841 1018 910 Weissenbornium
1045 844 1086 910 dc
1108 845 1265 925 gorondio
1294 851 1330 910 at
1355 865 1406 928 gc-

251 939 385 1007 ruudivo
415 960 445 1021 p.
469 944 509 1004 87
523 959 568 1020 sq.
597 940 739 1006 refutare
766 942 957 1008 sententiam
981 941 1091 1008 Haasii
1119 944 1280 1010 consentis
1308 945 1406 1008 notio

250 1055 321 1104 nom
341 1035 503 1106 facultatis
525 1039 630 1106 inesse
653 1056 747 1119 possa
773 1039 806 1102 iu
836 1038 1007 1120 participio
1034 1041 1230 1120 praesentis,
1256 1058 1356 1120 quam
1376 1043 1406 1108 in

248 1154 319 1201 rem
341 1133 437 1202 affert
458 1136 563 1204 locum
575 1137 681 1202 Plauti
703 1136 785 1202 nuc.
801 1135 858 1216 IV,
874 1143 905 1217 4,
926 1141 984 1204 69:
1008 1140 1096 1217 Quid,
1119 1141 1195 1202 istac
1212 1151 1311 1202 mutae
1329 1150 1405 1214 sunt,

248 1254 325 1314 quac
347 1255 403 1313 pro
426 1256 458 1298 sc
481 1237 611 1298 fabulari
634 1256 692 1300 non
716 1235 847 1312 queant?
893 1233 956 1300 ΤΒ.
980 1239 1026 1298 Εο
1049 1245 1164 1312 tacent,
1188 1240 1257 1313 qnia
1271 1242 1407 1300 ¹tacitast

249 1334 382 1412 [molior]
406 1338 513 1397 mulier
534 1354 652 1411 sempor
676 1353 763 1412 quam
786 1336 914 1408 loquens

336 1432 435 1496 Plano
458 1450 517 1512 pro
546 1432 723 1512 participiis
752 1436 829 1496 sunt
858 1431 1019 1496 adiectivn
1045 1429 1110 1496 ¹duo
1137 1433 1269 1500 indicem
1297 1438 1335 1498 et·
1362 1437 1407 1494 tn-

247 1548 372 1606 apercca
393 1548 454 1610 par
476 1529 739 1610 compositionem
765 1533 799 1589 tn
827 1529 978 1609 privativi
1008 1545 1078 1594 curn
1101 1529 1278 1610 participiis
1307 1533 1405 1594 dicem

248 1633 283 1691 ct
303 1646 429 1702 sperono
450 1633 537 1707 orta,
566 1647 592 1692 v.
615 1627 713 1692 Hem.
737 1627 778 1692 ad
802 1625 893 1690 Caes.
919 1644 951 1706 p.
976 1631 1048 1690 375.
1092 1625 1144 1692 Sic
1170 1625 1240 1692 ner.
1264 1627 1325 1692 Ad.
1351 1629 1407 1706 ΙΙΙ,

247 1730 283 1802 4,
308 1727 348 1786 62
370 1744 416 1785 me
436 1728 591 1788 indicente.
636 1725 737 1790 Andr,
768 1724 833 1804 111,
856 1732 891 1803 4,
915 1729 972 1788 24:
1007 1727 1080 1786 Feci
1110 1727 1198 1787 hodie
1228 1733 1262 1787 ut
1289 1728 1407 1804 fiarent,

246 1823 418 1896 insperante
447 1827 503 1886 hoc
532 1835 621 1901 atquo
649 1826 742 1886 invito
772 1826 935 1900 Pamphilo.
959 1855 1002 1868 -
1027 1822 1140 1888 Potest
1168 1828 1277 1886 autem
1308 1824 1407 1904 parti-

249 1919 367 1996 cipium
390 1928 448 1985 aut
469 1922 510 1984 ad
533 1921 725 1985 substantivi
740 1925 798 1986 aut
817 1920 858 1985 ad
873 1921 1037 2000 adiectivi,
1061 1921 1174 1986 autad
1195 1921 1284 1985 verbi
1304 1921 1406 2004 signi·

247 2014 427 2082 ficationem
452 2018 584 2100 propius
606 2017 770 2084 accedero.
1052 2061 1056 2068 ·

333 2135 361 2180 n.
405 2119 602 2192 Portictpicm
623 2119 840 2192 sipaificott'occ
867 2119 1047 2180 substantivi
1078 2117 1219 2196 positum
1252 2121 1303 2180 est
1334 2115 1405 2181 Ter.

247 2217 347 2284 Andr.
372 2215 432 2296 ΙΙΙ,
455 2221 485 2296 2,
510 2221 566 2282 23:
589 2217 769 2280 Amantium
792 2221 856 2278 iras
879 2219 991 2278 amoris
1020 2219 1220 2292 integratiost
1267 2213 1407 2278 Maximo

247 2315 307 2382 hoc
330 2333 391 2380 usu
412 2316 501 2381 venit
522 2317 555 2380 in
578 2331 697 2394 genero
718 2319 834 2376 neutro.
879 2312 932 2378 Sic
954 2315 1028 2382 cloto
1048 2330 1109 2394 pro
1129 2328 1263 2378 monera
1284 2312 1406 2378 dictum

247 2420 298 2479 est
319 2414 421 2480 Plaut.
445 2413 534 2478 Asin.
558 2413 592 2491 Ι,
616 2417 651 2488 3,
677 2417 729 2476 14:
760 2415 885 2488 Semper
914 2414 969 2472 tibi
996 2415 1175 2488 promissum
1205 2413 1317 2474 habeto
1351 2413 1406 2474 bac

245 2517 322 2590 loge,
345 2515 413 2575 dum
437 2530 561 2588 superes
583 2512 671 2574 dotis.
701 2508 818 2575 Pseud.
835 2508 861 2586 I,
879 2515 908 2586 3,
926 2514 980 2574 m:
1003 2513 1071 2572 Non
1094 2519 1140 2572 ast
1163 2527 1233 2572 assu
1248 2511 1406 2585 quitquam

246 2619 362 2672 amator
385 2615 443 2674 niti
465 2611 516 2685 qui
537 2619 699 2685 perpetuat
725 2608 805 2668 doto.
849 2606 948 2674 Mero.
972 2605 1009 2686 V,
1033 2611 1069 2678 2,
1093 2610 1150 2673 63:
1181 2608 1281 2670 vidisti
1305 2625 1343 2670 aa
1372 2609 1407 2668 de

247 2710 350 2769 umato
377 2708 520 2772 nuntias?
564 2707 692 2770 Terent.
718 2705 974 2784 Audr.p1·ol.v.
1001 2711 1055 2769 15:
1084 2707 1126 2768 Id
1150 2708 1202 2768 isti
1235 2709 1407 2781 vituperant

247 2805 377 2883 socam,
405 2804 467 2868 nisi
495 2803 578 2870 forte
605 2806 719 2878 foetum
740 2799 772 2864 h.
794 2801 815 2865 l.
844 2808 894 2869 est
919 2800 1095 2868 infinitivus
1124 2800 1259 2882 perfecti
1286 2791 1407 2880 passivi

248 2903 364 2966 omisso
386 2921 461 2981 case,
489 2910 526 2968 ut
554 2903 596 2968 sit
618 2918 723 2966 accus.
746 2919 772 2964 c.
800 2899 855 2965 ini.
883 2901 1052 2966 Ablativus
1078 2899 1240 2980 participii
1268 2897 1407 2978 perfecti

246 2999 280 3064 in
295 3017 412 3081 genero
436 3009 551 3066 neutro
575 3001 698 3080 positus
721 3018 817 3080 sacpe
839 2999 1045 3079 coniungitur
1067 3015 1141 3064 cum
1154 3016 1227 3074 opas
1242 3002 1286 3058 cst
1307 2995 1353 3060 ita
1370 2999 1407 3060 ut

248 3099 440 3166 substantivi
462 3098 601 3164 verbalis
625 3097 693 3163 vice
719 3096 881 3178 fungatur.
921 3095 972 3162 Sic
995 3097 1094 3160 Andr.
1117 3095 1178 3176 ΙΙΙ,
1202 3099 1232 3173 2,
1257 3099 1314 3160 10:
1337 3097 1406 3156 Non

246 3203 404 3276 inperabat
427 3219 543 3276 coram,
572 3200 641 3274 quid
662 3199 743 3272 scoto
763 3201 838 3258 esset
858 3214 931 3270 opes
960 3213 1140 3272 puerperas.
1184 3210 1227 3256 vs
1245 3197 1300 3258 43:
1325 3195 1404 3270 quod

239 3303 352 3374 parato
374 3315 447 3371 opus
468 3301 513 3370 est
534 3315 618 3371 para.
649 3297 725 3364 Hoc.
748 3293 774 3373 Ι,
788 3298 827 3372 ⁴2,
853 3297 909 3358 29:
932 3297 1001 3356 Non
1021 3299 1066 3356 eat
1089 3311 1162 3369 opos
1177 3291 1310 3369 prolato.
1325 3367 1327 3370 Ι
1344 3288 1404 3366 ΙΙΙ,

245 3402 276 3472 4,
302 3400 354 3458 17:
377 3397 412 3454 In
434 3412 534 3456 arcem
557 3399 727 3456 mammeae
748 3411 822 3468 opita
845 3398 896 3456 eet.

331 3490 362 3555 b.
407 3493 606 3566 Partiapicm
642 3495 761 3554 cottone
794 3491 933 3552 adiecttcc‘
964 3491 1109 3565 positum.
1159 3486 1306 3553 Pertinet
1340 3483 1402 3548 buc

245 3589 383 3671 primum
403 3591 494 3652 dictio
510 3593 704 3664 pleonastt‘ca.
741 3589 813 3657 Ter.
837 3590 897 3654 Ad.
920 3586 981 3665 HI,
1006 3592 1035 3663 3,
1057 3591 1111 3651 33:
1141 3589 1207 3648 Non
1234 3587 1304 3662 quia
1334 3583 1403 3644 adet

240 3709 385 3767 praesens
411 3693 478 3751 dico
502 3693 558 3750 boc
586 3686 717 3768 (similia
744 3687 839 3754 affort
867 3685 987 3752 Barnh·
1014 3693 1096 3764 synt·
1124 3701 1154 3762 p.
1177 3688 1253 3760 475,
1274 3688 1312 3746 ut
1333 3677 1403 3758 φεύ·

243 3809 340 3865 γοντα
361 3787 520 3865 ἐκφυγεῖν),
543 3788 599 3855 ubi
623 3788 747 3854 nuncu
770 3787 864 3854 affert
884 3788 989 3854 Plaut.
1006 3785 1119 3866 Amph.
1135 3784 1194 3864 ΙΙΙ,
1212 3792 1242 3864 3,
1258 3791 1316 3852 22:
1340 3795 1401 3848 tam

245 3891 304 3950 atsi
320 3905 465 3962 praecem
488 3906 546 3949 uon
569 3889 651 3952 adm.
675 3921 714 3934 —-
736 3887 809 3952 Alia
831 3887 977 3966 exempla
1000 3889 1075 3950 sunt
1097 3880 1190 3948 Gurc
1213 3883 1256 3962 ΙΙ,
1280 3888 1314 3962 3,
1344 3887 1401 3948 25:

247 3989 320 4062 Quis
342 3983 451 4054 uocati
474 3989 539 4072 quis
562 3990 695 4058 nominat
716 3984 782 4051 ms?
825 3984 891 4050 PH.
915 3988 973 4059 Qui
988 3993 1019 4047 to
1038 3988 1211 4052 monton
1231 3986 1327 4059 cupit,
1348 3980 1403 4046 nbi

245 4083 450 4166 participium
472 4083 513 4148 ad
534 4079 680 4147 infinitivi
702 4083 864 4150 notionem
886 4100 987 4164 prope
1009 4081 1142 4148 accedit
1170 4080 1287 4149 Pseud.
1312 4077 1355 4158 ΙΙ,
1370 4084 1402 4156 t,

244 4189 302 4249 42:
325 4189 454 4262 quinquo
474 4183 604 4244 inventia
626 4201 700 4259 opus
723 4192 770 4246 ost
792 4186 910 4262 argenti
931 4185 1019 4246 minin
1041 4183 1165 4246 Matuta
1207 4176 1325 4244 Bacch.
1341 4174 1401 4254 ΙΙΙ,
