3090 4768
508 1077 684 1181 Sentio
721 1005 898 1178 altera.

348 1289 543 1396 syntaxis
575 1289 788 1370 notionum
820 1288 1054 1392 praedicati.

597 1581 817 1590 -.--·-—.--—-.-..

216 1835 454 1914 Praedicotum
477 1843 715 1926 enunciationis,
740 1845 880 1926 pendens
903 1863 942 1910 ex
965 1846 1062 1912 verbo
1079 1846 1280 1913 substantivo

37 2017 38 2038 ἦ
121 1967 188 2018 esse,
205 1948 291 2014 duas
307 1944 507 2026 potissimum
524 1943 746 2025 complectitur
760 1946 869 2024 partes
886 1943 1039 2010 orationis
1051 1945 1280 2026 (allocutione),

121 2046 256 2111 verbum
282 2049 317 2108 et
339 2043 541 2123 adiectivum‚
565 2042 751 2108 adverbium
774 2040 855 2106 enim
872 2041 975 2107 minus
992 2061 1087 2125 saepe
1104 2043 1280 2124 praedicati

121 2145 189 2210 vice
213 2142 372 2224 fungitur.

625 2430 696 2504 Cup.
721 2429 785 2488 VlI.

177 2561 414 2628 Praedicati
443 2561 629 2626 notiones
658 2560 694 2624 in
722 2560 951 2624 universum
981 2565 1225 2641 spectantur.

214 2754 241 2813 1.
288 2745 389 2812 Omne
421 2746 638 2829 praedicatum
674 2744 808 2811 includit
834 2745 867 2808 in
891 2763 924 2810 se
947 2749 1067 2809 vebum
1101 2751 1281 2827 emesenum,

122 2847 210 2929 quod
235 2851 294 2910 aut
315 2864 373 2926 per
396 2863 430 2911 se
454 2845 557 2910 solum
579 2849 635 2909 aut
658 2863 729 2910 oum
751 2843 918 2908 adiectivis
935 2843 1137 2910 coniunctum
1154 2847 1282 2926 ponitur

122 2950 181 3010 aut
202 2945 238 3010 in
256 2943 353 3008 verbo
370 2944 557 3012 continetur.
602 2943 836 3022 Nonnunquam
851 2949 968 3022 tamen,
991 2945 1017 3008 si
1037 2938 1162 3020 'copulae
1177 2945 1282 3010 locum

124 3049 227 3123 tenet,
264 3041 432 3120 omittitur,
467 3042 552 3122 quod
585 3041 700 3120 quibus
735 3037 791 3104 fiat
820 3043 907 3122 apud
936 3040 1079 3122 singulos
1111 3044 1283 3123 scriptores

125 3139 366 3206 conditionibus
403 3157 486 3206 nunc
519 3155 681 3220 exponam.
737 3139 1001 3220 Antiquissimum
1035 3139 1130 3205 huius
1163 3139 1283 3220 ellipsis

123 3237 319 3320 exemplum,
337 3238 371 3303 'si
393 3238 488 3302 modo
510 3237 553 3317 id,
576 3237 691 3318 quibus
714 3235 821 3301 verbis
836 3237 990 3318 scriptum
1006 3243 1065 3317 est,
1088 3237 1129 3301 ad
1144 3243 1283 3303 aetatem

123 3340 272 3402 nostram
296 3335 449 3416 pervenit,
475 3341 562 3400 extat
589 3336 622 3400 in
643 3335 714 3418 lege
730 3334 852 3400 Numae
876 3334 961 3416 apud
975 3335 1106 3401 Festum
1132 3355 1160 3400 v.
1186 3339 1284 3412 opina

125 3438 229 3512 spolia
254 3433 386 3514 (Egger.
402 3451 432 3513 p.
449 3437 520 3502 eet:
555 3437 658 3496 Tertia
681 3438 777 3511 spolia
791 3436 877 3495 launi
902 3436 1026 3509 Quirino
1050 3454 1156 3511 agnum
1173 3454 1284 3497 marem

124 3536 258 3608 caedito,
288 3534 310 3594 O
341 3535 391 3608 qui
420 3535 535 3608 ceperit
565 3552 602 3594 ex
631 3552 710 3610 aare,
740 3536 823 3605 dato;
853 3535 938 3594 ocius
960 3536 1093 3608 auspicio
1116 3539 1203 3608 capta
1225 3530 1284 3613 (so.

37 3695 38 3714 1
124 3630 229 3708 sunt),
253 3632 297 3692 dis
320 3634 470 3706 piaculum
493 3631 574 3692 dato.
617 3629 757 3695 Naevius
779 3629 881 3695 Arioli
905 3629 941 3694 fr.
965 3635 997 3694 2:
1022 3634 1094 3705 Quis
1118 3633 1184 3692 heri
1206 3633 1285 3708 apud

37 3735 38 3748 ¹
122 3731 178 3792 ta?
205 3730 261 3805 (sc.
285 3726 365 3802 luit).
412 3723 593 3793 Infinitivus
617 3728 752 3792 omissus
776 3731 827 3794 est
848 3729 934 3808 apud
958 3727 1110 3793 Catonem
1133 3728 1170 3792 R.
1197 3726 1234 3790 R.
1260 3746 1284 3792 c.

126 3832 159 3890 1:
194 3828 273 3887 idem
302 3845 404 3902 agrum
436 3829 515 3903 quod
542 3829 688 3888 hominem
719 3825 787 3903 (int.
812 3829 901 3902 esse),
930 3830 1061 3903 quamvis
1090 3835 1285 3903 quaestuosus

38 3961 39 3966 κ
123 3929 194 4000 siet,
229 3927 254 3986 si
282 3932 471 4001 sumptuosus
499 3929 566 4002 orit,
595 3928 765 4002 relinquare
795 3945 853 3988 nou
881 3930 1015 3999 multum,
1044 3924 1071 3987 si
1094 3923 1188 3988 lectio
1211 3940 1287 3989 vera

125 4029 179 4086 est
214 4038 252 4085 ac
286 4037 348 4084 non
382 4021 489 4101 potius
518 4041 589 4088 cum
617 4022 807 4089 Schneidero
839 4021 1042 4087 scribendum
1072 4027 1143 4085 item
1171 4053 1214 4064 ——
1244 4029 1285 4082 uc.

125 4119 241 4184 Tertia
262 4136 401 4199 persona
429 4119 601 4201 singularis
629 4128 669 4184 est
698 4120 784 4201 apud
806 4120 1011 4201 participium
1035 4119 1152 4184 omissa
1176 4121 1226 4180 est
1247 4119 1286 4177 ab

124 4217 234 4284 Ennio
256 4215 361 4281 annul.
384 4215 403 4280 l.
426 4216 452 4298 Ι,
475 4216 513 4282 fr.
530 4223 581 4299 34,
604 4237 633 4284 v.
649 4223 704 4283 40:
728 4222 805 4282 Nam
827 4239 874 4281 me
896 4221 977 4282 uisus
992 4221 1137 4281 homo-
1152 4220 1287 4290 raptare.

181 4317 263 4366 noun,
279 4317 390 4368 synon..
418 4318 451 4358 11.
1063 4327 1074 4384 l
