3076 4762
498 155 538 196 nu
552 155 648 198 moure.
663 179 688 188 -
704 113 925 198 coruudcrrvua.
1227 165 1292 226 143

127 337 273 406 Correxit
287 333 424 410 Bothius
446 349 580 426 propter
593 351 740 412 metrum.
773 351 821 429 Ap
844 351 901 411 teo
922 369 983 426 prot
1000 348 1091 420 acad,
1112 343 1131 410 i.
1149 367 1175 412 e.
1199 345 1286 428 tara).

127 443 155 517 7,
181 439 238 530 16':
262 444 339 518 quod
361 443 427 520 des,
450 442 583 506 devorat·
627 441 682 525 IV,
710 447 736 524 1,
760 449 792 510 2:
823 445 880 508 om
906 465 960 522 ego
991 461 1069 507 nunc
1095 453 1147 507 aut
1173 446 1288 506 dictum·

125 545 177 598 adt
203 537 314 600 lactum
343 542 448 602 mellus
477 559 563 618 quam
592 545 703 605 Veneri
729 547 847 628 uelim?
881 559 909 608 v.
939 547 972 608 9:
1006 545 1033 604 st'
1063 562 1125 604 nou
1150 559 1286 617 peram

125 637 215 710 plane
232 637 376 710 perierim
401 630 460 716 (sic
476 635 615 704 Goeller.
639 637 775 704 maxime
798 639 839 704 ad
861 637 997 721 vestigia
1013 638 1165 704 codicum.
1201 637 1282 702 Nam

125 733 199 811 Apg
220 738 401 809 paneuriem.
444 735 515 817 dpg
536 742 721 814 paneuriaut.
747 731 843 817 Vulg.
867 735 1037 817 inteream).
1069 741 1097 810 2,
1122 740 1177 802 29:
1196 738 1286 797 Mem

6 825 7 852 ¹
124 837 204 890 tuom
229 833 330 892 hercle
355 841 416 909 me,
440 845 524 909 quam
545 837 578 895 id
598 837 885 920 pottanmooelim.
917 849 946 897 v.
972 837 1012 898 30
1043 835 1155 895 Malim.
1179 853 1204 894 v.
1225 835 1284 896 33:

6 923 13 950 l
123 931 197 1003 quia·
220 933 271 1004 pol
300 932 445 991 mavelim.
491 947 520 994 v.
547 935 600 996 54:
629 935 805 1009 Conceptis,
837 949 883 993 me
912 947 969 993 uon
992 933 1157 1007 facturum,
1181 932 1281 992 verbis

121 1026 234 1094 iurem,
262 1029 289 1087 si
317 1028 396 1089 velit.
417 1061 422 1070 ·
442 1031 535 1107 3‚·1:
570 1030 674 1108 Egone
703 1033 863 1108 tibinmale
894 1029 991 1089 dicam
1019 1037 1069 1089 aut
1099 1030 1174 1088 adeo
1204 1030 1285 1088 male

121 1121 234 1182 velim?
278 1122 315 1201 V,
339 1141 367 1186 v.
393 1119 446 1188 32:
472 1127 593 1201 Quidvis
615 1125 699 1189 face:
731 1143 785 1203 ego
807 1127 955 1201 pacatam
985 1121 1045 1206 (sic
1067 1121 1171 1200 Both„
1195 1123 1281 1203 vulg.

120 1236 177 1293 ego
193 1217 308 1294 omitt.)
334 1219 435 1286 Plaut.
459 1221 584 1304 Fragm.
602 1217 721 1288 cistella
746 1243 775 1305 p.
792 1213 865 1302 477,
881 1241 908 1286 v.
927 1227 982 1287 al:
1007 1225 1172 1283 adhinnire
1188 1240 1284 1296 equu-

119 1319 181 1376 lem
199 1319 312 1391 possam
335 1338 389 1395 ego
412 1323 499 1394 haue,
522 1324 549 1384 st
571 1323 657 1384 detur
680 1325 745 1384 sola
767 1326 831 1385 soii.
862 1317 964 1384 Pltaut,
987 1319 1115 1398 Fragm.
1133 1316 1223 1380 Gaea.
1247 1333 1281 1394 p.

119 1407 194 1488 478,
218 1431 246 1477 v.
272 1417 306 1478 7:
335 1417 422 1478 Plure
454 1422 550 1482 altero
579 1428 680 1498 tanto,
705 1427 815 1497 quanto
848 1424 912 1481 eius
943 1419 1051 1478 fundus
1085 1425 1146 1484 est,
1183 1415 1282 1486 oeldm.

118 1526 148 1572 v.
174 1515 206 1574 9:
233 1513 326 1574 Velim
354 1522 382 1574 te
412 1518 553 1578 arbitrari
589 1516 709 1581 lactum.
756 1513 870 1581 Caecil.
900 1515 978 1580 stat.
1012 1512 1216 1577 Demamdati:
1246 1514 1279 1572 Si

119 1617 258 1684 umquam
282 1613 435 1689 quisquam
460 1615 548 1688 vidit,
573 1631 656 1691 quem
682 1619 835 1690 catapulta
856 1623 907 1676 aut
929 1616 1039 1675 balista
1061 1611 1154 1673 iceta‘i.
1187 1606 1277 1672 Gaec.

118 1701 201 1768 stat.
224 1698 389 1786 Epicleros
412 1706 450 1773 fr.
472 1712 506 1773 2:
534 1715 579 1771 An
611 1715 660 1772 ubi
683 1731 734 1773 voa
759 1715 838 1786 sitis,
868 1713 910 1772 ibi
937 1712 1091 1772 consilium
1120 1705 1283 1768 claudeda?

118 1798 213 1868 Caec.
243 1803 287 1868 at.
318 1805 461 1870 Fallacia
486 1804 525 1870 fr.
555 1807 583 1885 7,
613 1828 641 1873 ν.
673 1815 728 1873 51:
762 1811 850 1870 uelim
879 1811 1033 1884 paulisper
1067 1813 1098 1866 te
1134 1807 1281 1880 opperiri.

117 1896 213 1964 Caco.
247 1899 293 1966 St.
317 1899 587 1984 Hypobolimeaua
613 1905 651 1970 fr.
677 1911 710 1970 5:
742 1909 817 1968 Nam
847 1909 877 1966 hi
909 1913 977 1967 sunt
1004 1907 1116 1964 inimici
1146 1903 1281 1978 pessumi

117 1997 220 2058 fronte
245 2000 351 2074 hilaro,
376 2005 465 2064 corda
489 1995 586 2078 tristi,
615 2005 693 2079 Quos
724 2023 819 2081 neque
846 2011 879 2064 ut
909 2003 1076 2078 adprendas
1107 2017 1203 2075 neque
1233 1999 1282 2058 uti.

116 2097 251 2157 dimittas
274 2100 359 2159 scias.
406 2091 520 2164 Caecil.
545 2097 826 2164 statuendam
853 2098 892 2162 ir.
917 2105 950 2162 5:
978 2101 1005 2160 ai
1027 2103 1142 2172 linguas
1172 2097 1278 2156 decem

118 2195 273 2270 Habeam,
299 2200 346 2257 vix
373 2197 507 2276 habeam,
539 2201 611 2261 satis
640 2208 669 2261 te
700 2201 749 2275 qui
778 2200 904 2259 laudem.
950 2195 1065 2260 Caecil.
1098 2196 1177 2261 stat
1206 2195 1285 2258 Plo-

119 2292 203 2355 cium
226 2289 266 2356 fr.
295 2297 322 2372 l,
346 2312 374 2357 v.
394 2298 454 2358 144
471 2312 535 2374 sq.:
561 2299 644 2371 Quae
654 2299 716 2357 'nisi
729 2299 827 2357 dotem
844 2298 950 2369 omnia,
976 2298 1057 2369 Quae
1073 2295 1158 2368 nolis,
1175 2295 1275 2356 habet.

116 2408 157 2453 v.·
175 2394 250 2454 148:
276 2396 321 2452 An
340 2389 414 2468 quae
431 2395 502 2454 mihi
519 2395 661 2471 quidquid
682 2399 793 2471 placet,
817 2411 852 2454 eo
868 2396 984 2468 privat,
1009 2401 1155 2454 servatam
1170 2389 1277 2451 uelim?

116 2486 262 2550 Plocium
284 2486 321 2551 ir.
348 2493 402 2552 ll:
427 2490 516 2553 Vivas
540 2499 573 2552 ut
588 2493 694 2567 possis,
717 2493 834 2568 quando
856 2507 914 2551 nou
938 2491 1005 2566 quis
1018 2498 1060 2549 ‘ut
1082 2489 1162 2550 velis.
1199 2485 1283 2567 Syn-

116 2582 233 2664 ephebi
256 2579 293 2649 ir.
321 2591 352 2649 1:

135 2701 138 2706 ·
292 2687 325 2745 ln
349 2701 450 2747 amore
474 2701 563 2747 suave
586 2694 633 2748 est
655 2703 768 2748 summo
791 2701 961 2761 summaque
983 2687 1094 2760 inopia,

293 2784 451 2844 Parentem
474 2785 586 2845 habere
609 2801 728 2846 avarum
751 2786 923 2858 inlepidum,
947 2787 976 2842 in
994 2784 1103 2842 liberos

293 2881 459 2956 Difficilem,
483 2883 533 2956 qui
556 2887 586 2942 te
610 2898 665 2940 nec
689 2887 768 2942 amet
790 2899 845 2941 uec
869 2883 988 2941 studeat
1010 2881 1063 2941 tui.

288 2979 349 3036 Aut
370 2985 402 3039 ta
425 2981 518 3039 illum
531 2977 629 3039 tractu
652 2977 745 3050 sallas
768 2985 818 3036 eut
840 2997 897 3052 per
917 2981 1022 3037 literas

288 3072 420 3137 Avertat
442 3076 563 3151 aliquod
585 3091 690 3135 nomen
720 3082 771 3135 aut
793 3092 848 3150 per
871 3076 1018 3135 servolum

290 3171 443 3233 Percutias
465 3174 619 3248 pavidum,
646 3179 797 3248 postremo
820 3189 837 3230 a
859 3189 952 3248 parco
974 3179 1060 3246 patre

293 3271 378 3343 Quod
400 3285 510 3347 cantas,
534 3277 645 3346 quanto
667 3269 791 3342 dissipes
813 3269 970 3328 libentius!

108 3365 167 3431 ubi
194 3363 387 3429 coniunctivl
409 3367 515 3444 fallas,
539 3374 668 3441 avertas,
691 3369 854 3443 percutias,
879 3382 976 3426 sumas
994 3359 1184 3426 coniunctivi
1201 3363 1278 3424 sunt

108 3461 326 3545 hypothetici,
350 3480 378 3528 v.
402 3461 587 3528 Putachium
611 3464 644 3526 iu
666 3461 768 3526 Iahnii
791 3461 895 3526 annal.
923 3463 1015 3540 1855,
1038 3459 1099 3522 vol.
1117 3463 1154 3520 ‘ll
1174 3464 1208 3520 et
1224 3461 1275 3536 72,

108 3567 192 3628 sect.
219 3565 250 3625 4.
273 3559 387 3626 Caecll.
412 3559 491 3625 Stat.
515 3561 574 3624 inc.
598 3559 661 3625 iel).
686 3559 722 3624 fr.
751 3566 802 3623 15:
826 3561 911 3620 deum
941 3554 1118 3637 (Amorem)
1143 3559 1193 3632 qui
1216 3573 1273 3615 nen

107 3681 262 3724 summum
281 3665 375 3735 patet,
395 3663 456 3721 Aut
479 3663 602 3721 stultum
618 3666 668 3720 aut
691 3677 790 3719 rerum
813 3675 878 3719 esse
903 3658 1071 3731 imperitum
1095 3655 1273 3714 eaaaamm.

105 3757 287 3826 Iuventius
310 3756 347 3821 fr.
369 3763 381 3821 1
408 3757 468 3822 inc.
492 3755 572 3820 lab.:
596 3759 704 3832 gaudia
726 3755 827 3817 uuest
848 3772 950 3815 omnes
974 3751 1281 3822 hominescoasercat

104 3863 137 3922 in
161 3873 262 3921 unum
284 3859 393 3931 locum,
416 3859 527 3916 Tamen
552 3871 619 3915 mea
640 3857 794 3928 exsuperet
814 3853 938 3912 laetitia.
985 3847 1112 3912 Terent.
1136 3846 1233 3909 Andr.
1249 3844 1276 3924 1,

107 3963 135 4039 1,
161 3961 224 4023 39:
250 3959 294 4015 ita
316 3954 467 4015 facillume
484 3955 553 4014 Siue
570 3952 680 4011 invidia
703 3952 819 4011 laudem
834 3947 970 4009 iactatas
992 3957 1023 4006 et
1045 3947 1155 4007 amicos
1172 3959 1274 4018 pareo.

102 4073 133 4124 v.
163 4058 247 4122 131:
280 4055 361 4114 Vera
389 4051 565 4128 obiurgandi
592 4067 684 4110 causa
704 4050 759 4122 ait,
789 4049 816 4109 si
843 4047 969 4120 dcaeyet.
1015 4047 1042 4112 5,
1066 4047 1122 4105 24:
1154 4039 1275 4115 Aliquid

101 4160 264 4236 facerem,
293 4158 328 4212 at
356 4152 412 4211 hoc
436 4168 472 4210 na
495 4150 635 4211 iacerem.
681 4144 729 4224 ll,
755 4149 789 4223 1,
816 4148 870 4207 io:
897 4145 942 4203 Tu
966 4143 996 4203 ei
1026 4143 1074 4200 hic
1100 4141 1155 4207 aia,
1185 4139 1275 4198 aliter
