3090 4768
187 170 227 232 72
645 165 771 208 wastin.
799 167 861 210 ΟΔΡ.
875 168 913 211 xi.

187 349 273 418 tiaiis
302 353 430 433 qnidem
458 371 535 419 usus
561 352 740 434 inperfecti
768 372 831 438 non
854 359 963 436 potest
986 353 1161 436 offendere,
1190 353 1337 436 quoniam

186 448 247 516 hac
275 447 504 548 significatione
530 469 657 532 semper
681 454 729 519 de
750 471 786 519 re
809 454 990 534 praeterita
1012 459 1197 536 usurpatur,
1227 449 1339 518 diffici-

185 545 246 612 lior
267 553 318 614 eet
339 549 496 630 quaestio,
518 551 572 630 qui
594 548 714 618 iactam
736 553 788 632 sit,
812 559 849 618 nt
871 551 1077 618 conditionali
1100 569 1226 633 qnoque
1242 548 1341 630 signi·

186 640 344 726 ficatione,
365 647 420 714 nbi
442 649 483 714 de
505 665 543 712 re
563 650 725 728 praesenti
748 651 866 732 agitur,
889 649 1075 731 imperfecto
1098 654 1267 716 uterentur
1279 645 1341 714 La-

189 741 248 812 dm
271 739 318 824 (et
339 750 388 810 est
410 745 493 812 idem
516 763 593 812 usos
616 747 782 828 inlingna
803 748 941 828 Graeca,
973 745 1172 827 Germanica,
1202 746 1341 812 Franco-

189 840 326 922 gellica),
350 860 444 923 qnam
470 861 541 909 rem
561 851 655 912 acute
678 847 839 928 expedivit
862 846 1070 912 Gernhardus
1092 846 1124 910 in
1148 847 1341 921 commenta-¹

191 936 330 1004 tionibus
352 942 567 1020 grammaticis
590 961 619 1022 p.
644 949 704 1010 226
729 944 850 1012 dicens:
880 944 1055 1026 „Praesens
1073 977 1111 990 -
1129 941 1341 1009 conditionale

185 1067 231 1084 ...
250 1035 435 1117 imperfecto
462 1041 653 1107 coniunctivi
682 1047 770 1108 recte
792 1041 974 1125 significari,
998 1049 1031 1110 et
1052 1039 1228 1123 germanici
1250 1037 1339 1112 verbi

191 1131 412 1213 imperfectum
436 1139 515 1205 coni.
550 1137 596 1219 tq
619 1138 739 1219 tbdte,
774 1159 832 1222 pro
856 1159 918 1222 qno
941 1159 1003 1206 non
1026 1157 1099 1208 raro
1130 1137 1178 1218 id)
1208 1133 1342 1212 mitto

189 1227 289 1308 tque
313 1233 444 1316 dicitnr,
476 1242 510 1302 et
530 1237 578 1302 rei
600 1243 715 1304 notura
737 1238 886 1306 defendit.
932 1240 1015 1306 Nam
1036 1239 1135 1305 latine
1159 1254 1212 1300 res
1234 1233 1343 1300 condi·

187 1327 275 1398 tione
304 1333 438 1412 quadem
469 1334 614 1402 iacienda
637 1337 700 1402 iam
729 1339 894 1416 superiore
922 1343 1066 1418 tempore
1089 1336 1249 1416 cogitatur
1271 1330 1342 1398 fieri

186 1425 344 1509 debuisse,
367 1436 404 1495 nt
425 1432 573 1498 videatur
594 1452 656 1498 non
679 1442 792 1516 coepta
813 1433 882 1500 fieri
905 1454 959 1501 res
982 1433 1219 1500 excusationem
1234 1428 1341 1510 requi-

188 1525 290 1589 rere.“
357 1528 541 1595 Tenendum
572 1538 770 1613 astantem,
799 1533 832 1598 in
862 1533 1082 1600 enunciatione
1102 1531 1261 1612 sumptiva
1283 1543 1344 1608 per

191 1623 219 1684 ai
240 1624 491 1693 coniunctionem
515 1629 600 1695 elata
621 1631 842 1711 imperfectum
859 1633 1009 1700 etiamde
1032 1648 1068 1694 re
1090 1629 1267 1710 praeterita
1280 1625 1343 1692 dici

192 1737 296 1801 posse,
326 1724 353 1788 si
383 1744 445 1792 non
475 1728 578 1793 altera
604 1731 690 1796 actio
716 1729 850 1796 adseram
877 1730 1051 1807 antecedit,
1085 1728 1142 1793 sed
1169 1726 1281 1792 ambae
1309 1723 1343 1790 in

189 1834 286 1884 ιυιιιιιι
309 1825 437 1904 tempus
459 1827 611 1908 incidunt,
642 1830 682 1894 de
704 1845 768 1908 qua
793 1847 828 1892 re
850 1829 921 1894 vide
944 1827 1109 1894 Etzlerum
1134 1821 1343 1903 &aremorica

271 2032 301 2078 a.
346 2021 530 2098 Siqoifiontto
553 2028 768 2089 cmditiooolte.
813 2025 925 2090 Naevii
947 2025 1084 2106 elogium
1106 2023 1147 2088 ab
1169 2021 1238 2101 ipso
1262 2017 1342 2087 acris

189 2115 281 2190 ptum
312 2114 442 2200 (Egger.
466 2140 498 2202 p.
525 2126 611 2200 isai:
644 2129 790 2188 Mortales
820 2129 1002 2188 immortales
1025 2126 1098 2186 flere
1123 2125 1150 2185 si
1178 2122 1256 2194 foret
1285 2117 1343 2190 ieet

190 2211 317 2274 Pleraei
344 2222 428 2282 divae
452 2224 618 2285 Comoenee
640 2227 784 2286 Naevium
808 2232 934 2301 poetam.
979 2220 1082 2286 Plaut.
1107 2219 1200 2285 Most.
1223 2214 1283 2291 III,
1313 2216 1343 2292 2,

193 2310 248 2372 54:
285 2315 392 2380 Vectem
426 2329 458 2382 nt
492 2333 524 2384 tn
556 2327 659 2386 velles.
718 2323 816 2386 Peon.
847 2322 884 2401 V,
914 2327 942 2400 2,
978 2326 1035 2387 106
1064 2325 1180 2384 vetlem.
1210 2333 1238 2379 v.
1274 2315 1347 2378 147:

189 2405 243 2468 1³⁰¹
264 2428 358 2493 mare,
383 2437 470 2493 quam
492 2423 601 2483 oedem.
631 2419 668 2499 v,
685 2426 715 2499 4,
739 2425 794 2484 en:
819 2426 863 2483 rte
886 2420 1159 2498 instrueretque
1182 2418 1212 2476 ιι
1228 2419 1347 2479 serena

188 2505 220 2566 id
248 2525 302 2586 ego
334 2519 452 2578 etenim
482 2520 594 2580 vetlem.
648 2519 774 2583 Terent.
799 2520 915 2583 Heant.
940 2519 978 2598 V,
1003 2524 1031 2597 2,
1056 2523 1112 2582 25:
1146 2515 1249 2578 Abiit?
1277 2517 1346 2586 vat,

188 2621 311 2680 rogasse
341 2615 458 2690 aelam,
489 2613 530 2677 ad
557 2633 652 2695 quem
683 2615 787 2682 locum
810 2617 998 2697 Krnagorus
1021 2613 1279 2696 Uotatiumunqec
1301 2611 1346 2690 11,

190 2717 227 2778 dv
251 2709 307 2768 114
337 2709 443 2774 adnot
476 2711 554 2776 dicit
583 2713 715 2779 Latinos
743 2715 912 2780 &sodimon
943 2715 1027 2778 inter
1053 2716 1157 2792 aelim,
1180 2715 1281 2776 vetlem
1312 2714 1348 2772 et

189 2813 271 2875 qnae
304 2814 379 2870 sunt
407 2808 534 2888 similia,
570 2831 632 2876 non
661 2831 789 2893 semper
822 2817 973 2877 accurate
1004 2811 1184 2876 observare.
1237 2807 1343 2873 Plaut.

188 2895 302 2963 Bacch.
326 2921 354 2967 v.
381 2911 477 2973 1200:
512 2913 557 2972 Ne
586 2915 625 2976 tis
649 2932 735 2988 qnam
758 2932 825 2974 mea
845 2913 1006 2974 mavellem.
1053 2908 1130 2974 cist.
1155 2907 1211 2987 IV,
1236 2915 1263 2985 2,
1290 2908 1344 2969 to:

187 2998 263 3061 Nam
286 3005 310 3062 si
333 3019 419 3068 nemo
441 3014 599 3083 praeteriit
622 3013 689 3085 hac,
711 3019 868 3088 postquam
889 3014 972 3072 intro
995 3014 1065 3088 abii,
1089 3012 1215 3071 Cistella
1235 3009 1346 3066 taceret

148 3175 151 3185 Ι
188 3097 245 3160 hic·
290 3099 402 3167 Bacch.
426 3104 469 3184 Π,
493 3111 522 3186 2,
544 3113 604 3174 39:
638 3113 676 3171 Ni
701 3117 825 3171 nanctus
850 3113 996 3170 Venerem
1020 3127 1126 3180 essem,
1155 3109 1232 3168 hanc
1255 3108 1343 3165 Inoo·

192 3213 258 3259 nem
286 3200 419 3266 dmacm.
464 3204 506 3284 ΙΙ,
531 3213 560 3285 3,
584 3212 639 3271 80:
673 3210 770 3269 Nimis
796 3211 844 3269 hic
867 3211 1005 3284 privatim
1028 3210 1198 3268 secaretur
1220 3203 1341 3264 rectius.

189 3290 302 3360 Bacch.
324 3318 351 3364 v.
377 3305 453 3366 469:
483 3307 593 3367 Melius
623 3309 717 3367 multo
742 3324 788 3366 me
819 3324 935 3383 qnoque
964 3323 1022 3366 una
1045 3323 1110 3366 curn
1135 3307 1205 3366 illoc
1230 3306 1278 3362 iiio
1299 3315 1346 3358 re*

189 3391 343 3466 “uiueres-
388 3417 415 3464 v.
440 3405 518 3465 aad:
547 3405 673 3465 Simihi
694 3408 743 3477 sit,
768 3424 826 3466 nen
849 3407 1005 3480 pollicear.
1046 3400 1118 3466 MN.
1143 3404 1221 3476 Soio,
1239 3404 1343 3464 dares.

189 3485 352 3570 Paeoni,
375 3502 405 3576 d,
430 3503 485 3564 79:
521 3503 650 3565 Iuderen
685 3501 743 3580 [tn]
780 3522 856 3564 nuno
891 3505 1086 3578 praecipitem
1110 3504 1140 3561 in
1168 3503 1347 3576 pristrinune

190 3589 290 3654 trahi?
333 3592 428 3662 Poen.
452 3597 489 3678 V,
513 3605 542 3678 3,
566 3605 622 3664 20:
656 3604 790 3678 Namque
822 3601 909 3676 hodie
941 3619 1042 3662 aarum
1070 3604 1260 3662 munerator
1289 3617 1347 3659 no·.

191 3687 279 3762 mina,
305 3693 507 3774 Facereatqne
531 3703 682 3776 indignam
705 3719 815 3778 genere
839 3709 993 3776 quaestum
1018 3717 1159 3774 corporo.
1186 3697 1274 3762 Pers.
1288 3694 1344 3774 IV,

190 3783 220 3859 6,
243 3787 297 3850 28:
332 3791 405 3855 Ores
434 3798 494 3859 irae
515 3801 624 3874 potins,
651 3801 740 3860 hodie
768 3801 965 3860 hincmarus.
1011 3796 1137 3860 Terent.
1162 3794 1261 3858 Andr.
1286 3793 1342 3873 IV,

192 3883 218 3958 l,
242 3887 296 3946 43:
327 3893 352 3950 si
374 3910 475 3956 omties
498 3898 576 3958 huno
599 3901 764 3959 coniectum
787 3899 817 3956 in
841 3899 959 3972 nuptias
982 3899 1098 3958 Inimici
1120 3896 1240 3968 nollent,
1264 3895 1345 3970 qnod

189 3985 246 4044 nisi
274 3989 428 4052 consilinm
458 3994 514 4078 hoc
540 3994 666 4056 darent?
710 3994 767 4059 Ad.
794 3995 885 4076 11,1,
910 3996 1022 4058 24:81
1049 3995 1214 4069 attigisses,
1242 3992 1337 4065 ferree

190 4084 394 4149 intortunium.
440 4087 497 4160 ΙΙΙ,
521 4097 549 4170 2,
576 4096 613 4156 16
634 4110 704 4175 sqq.
727 4093 835 4172 (quem
856 4093 961 4158 iocum
976 4088 1070 4154 affert
1085 4089 1190 4156 Sanct.
1207 4093 1342 4158 Minore.

190 4197 222 4259 p.
245 4186 314 4260 99):
343 4187 570 4251 Semianimem
597 4196 680 4267 prius
707 4197 907 4270 monocerote
928 4194 1002 4268 ipsi,
1031 4192 1081 4267 qni
1103 4193 1177 4252 iilud
1201 4195 1344 4269 produxit
