3076 4762
528 171 567 210 DE
581 171 678 214 RODIE.
693 193 718 200 -
732 173 955 214 CONIUNOTIVUS.
1260 175 1320 236 153

163 353 233 420 tieli
255 355 355 422 siluis
385 364 478 437 sunt,
508 378 644 439 quorum
676 361 815 442 protasis
843 360 1032 442 pierumque
1062 363 1112 424 est
1140 357 1321 423 enunointio

161 455 332 534 sumptim,
356 456 473 536 quibus
496 459 649 540 exemplis
671 477 755 525 nuno
777 458 855 526 h'eee
870 459 962 524 eddo.
994 457 1091 524 Noev„
1106 455 1145 522 fr.
1161 455 1221 520 inu.
1239 473 1319 521 com.

161 553 216 616 23:
240 556 310 630 qnid
331 558 359 616 si
381 558 498 618 taceas?
522 555 601 622 Ceto
624 558 664 623 de
687 576 723 624 re
745 564 825 623 rust.
841 555 956 638 praei:
981 560 1038 620 Est
1059 557 1208 617 interdum
1231 572 1319 630 prue-

161 658 242 712 stere
265 657 442 719 mercaturis
465 675 528 718 rem
552 676 714 734 quaerere,
737 659 770 718 ui
793 666 853 719 tem
876 658 1077 734 periculosum
1099 655 1170 731 siet,
1193 659 1225 713 et
1248 654 1319 713 item

160 747 322 825 foenerari,
345 753 446 814 sitem
471 756 626 818 honestum
650 757 712 818 siet.
744 753 778 820 (i.
805 758 840 818 1:
864 757 911 816 De
931 755 1066 841 omnibus
1090 754 1170 830 egris
1194 753 1319 826 optimo·

161 864 217 924 que
241 851 308 908 loeo
333 851 359 912 si
381 855 489 914 emeris
513 855 617 929 ingere
639 858 703 930 egri
726 860 856 933 eentum,
879 855 966 914 vines
995 859 1042 914 est
1064 852 1177 926 prime,
1201 850 1228 910 si
1251 849 1318 909 rino

159 947 253 1006 multo
268 947 329 1008 siet.
377 946 409 1012 G.
436 955 470 1013 2:
500 954 620 1013 Vendat
643 953 803 1025 oleum‚si
832 954 964 1024 proeium
994 952 1110 1012 lebedi.
1155 945 1216 1009 Ib.:
1240 945 1319 1006 etsi

160 1045 231 1118 quid
261 1046 343 1105 adnd
371 1050 513 1124 supersit,
547 1052 670 1125 vendet,
699 1061 788 1112 meur
825 1050 923 1112 etmoi
955 1047 1084 1110 anseres
1119 1043 1208 1127 iibriq
1239 1040 1316 1118 teir

158 1136 286 1216 ioilte.
332 1140 365 1208 C.
391 1150 427 1208 3:
457 1149 507 1208 ubi
535 1157 619 1210 setes
646 1152 759 1210 accesit
780 1150 817 1210 ed
840 1165 933 1210 annos
957 1147 1101 1221 XXXVI,
1130 1152 1191 1204 tum
1214 1142 1318 1203 aedifi·

159 1256 229 1300 oure
261 1251 392 1315 oportet,
430 1245 457 1306 si
484 1264 586 1322 ugrum
620 1251 763 1308 consitum
791 1248 908 1308 lubeas.
950 1243 1025 1312 in:
1054 1262 1090 1304 ex
1120 1245 1222 1317 quevis
1251 1244 1318 1300 oles

160 1338 257 1398 oleum
282 1341 405 1401 viridius
428 1351 458 1402 et
481 1343 589 1404 bonum
612 1347 677 1406 iieri
696 1350 810 1418 potest,
840 1347 866 1406 si
894 1344 1021 1418 tempori
1049 1343 1154 1414 foetos
1200 1336 1262 1400 Ib.:
1292 1338 1319 1396 si

159 1436 248 1496 orbes
279 1439 400 1499 contriti
434 1443 523 1517 sieut,
560 1451 593 1502 ut
623 1455 803 1504 commutare
834 1446 941 1519 possis.
986 1438 1019 1504 O.
1045 1445 1080 1502 d:
1105 1438 1139 1498 Sl
1161 1439 1226 1512 quis
1248 1435 1317 1511 quid

159 1533 330 1607 deliquerit,
363 1556 518 1611 pronora
548 1542 624 1602 bono
647 1544 733 1602 modo
758 1543 896 1602 vindicet.
942 1537 975 1603 Ο.
1001 1541 1034 1601 6:
1067 1545 1099 1598 et
1121 1533 1318 1616 meteriuksi

159 1649 235 1706 queo
259 1652 333 1707 opus
356 1637 403 1712 sit,
426 1647 530 1716 parete
556 1641 622 1699 erit.
668 1637 701 1701 C.
731 1643 786 1702 15:
811 1643 835 1700 si
859 1643 946 1698 locet.
977 1635 1031 1700 Or.
1048 1651 1106 1713 pro
1122 1631 1220 1695 Turio
1244 1647 1317 1694 eou-

159 1734 209 1792 tra
233 1727 287 1792 Gn.
312 1730 454 1796 Gellium·
475 1752 524 1814 ap.
550 1734 632 1800 Geli.
649 1735 734 1813 XIV,
752 1742 784 1800 2:
809 1739 894 1797 Nune
916 1737 943 1796 si
967 1734 1155 1810 sponsionem
1179 1731 1318 1803 fecissent

158 1828 273 1890 Gellius
297 1848 362 1890 eum
387 1835 484 1894 Turio.
517 1833 565 1896 Ex
587 1833 666 1913 orig.
690 1833 709 1896 l.
735 1835 761 1896 V
784 1834 877 1912 (orat.
901 1851 959 1911 pro
977 1831 1106 1905 Rhodi:
1130 1829 1231 1904 Siquis
1247 1829 1316 1902 plus

159 1928 320 2002 quingenta
351 1932 454 2006 ingero
481 1932 591 1992 hebere
622 1935 755 1995 uoluerit.
805 1931 909 1996 Piens.
944 1927 1055 2009 Amph.
1088 1925 1166 2008 prol.
1199 1943 1226 1987 v.
1260 1927 1315 1986 72:

158 2022 228 2083 Sive
257 2027 331 2087 odeo
360 2029 472 2090 aediles
502 2030 661 2104 perfidiose
690 2035 760 2107 quoi
789 2032 891 2092 duint:
922 2033 1072 2104 Sirempso
1100 2031 1195 2100 legem
1227 2025 1315 2084 iussit

158 2140 224 2184 esse
249 2127 393 2199 luppiter.
442 2125 529 2190 Asin.
553 2125 611 2202 III,
641 2135 665 2196 i,
690 2132 746 2190 25:
771 2135 816 2190 An
841 2136 870 2190 te
894 2131 922 2188 id
940 2135 1102 2202 expectere
1124 2130 1254 2200 oportet,
1277 2121 1317 2180 si-

157 2222 222 2294 quis
235 2223 390 2295 promittat
412 2225 474 2285 tibi.
520 2223 583 2292 ΙΙΙ,
607 2232 639 2302 2,
664 2232 717 2288 44:
745 2228 772 2286 si
801 2226 879 2287 iorte
908 2225 1076 2299 occeperint.
1122 2220 1177 2296 lv,
1203 2222 1316 2295 1,40:

157 2319 231 2380 Post
251 2321 279 2380 si
301 2323 423 2382 lucerne
446 2324 579 2384 extincte
600 2326 646 2393 sit,
673 2327 780 2400 nequid
805 2326 851 2384 sui
873 2324 1001 2384 Membri
1037 2327 1211 2382 conmoveet
1234 2318 1316 2391 quio·

158 2434 244 2491 quem
269 2420 297 2476 in
322 2421 464 2495 tenebris,
488 2420 528 2483 de
552 2438 613 2500 qno
637 2419 707 2484 looo
731 2421 822 2500 iring.
844 2425 965 2501 quaest.
997 2419 1102 2483 Pient.
1126 2436 1157 2497 p.
1183 2420 1236 2479 15:
1261 2412 1317 2491 „Sl

157 2512 283 2590 quando
312 2519 362 2578 est
384 2531 443 2596 pro
464 2521 492 2579 si
514 2519 601 2594 forte,
625 2523 693 2583 turn
716 2518 814 2584 debet
837 2518 927 2598 sequi
951 2516 1181 2584 coniunctivae.
1204 2517 1312 2593 postu·

156 2607 244 2675 lente
268 2631 327 2677 usu
350 2614 412 2678 ium
435 2613 602 2682 Plautinae
625 2618 772 2682 notetis.“
819 2618 856 2693 V,
877 2622 907 2688 2,
931 2621 984 2682 28:
1009 2621 1034 2678 si
1058 2651 1094 2660 -
1122 2612 1315 2689 conspexeris

155 2712 248 2772 -si
274 2715 382 2775 videas.
418 2711 494 2778 Cist.
519 2713 575 2792 IV,
592 2721 620 2792 ⁶2,
651 2720 700 2778 10:
725 2720 817 2793 siquis
841 2719 926 2785 vidit,
947 2717 1040 2794 siquis
1064 2733 1127 2778 eum
1151 2709 1315 2783 abstulerit,

156 2817 247 2870 menn
286 2806 407 2891 jemini
438 2807 533 2888 inille.
580 2811 670 2894 lipid.
703 2813 741 2891 V,
771 2820 802 2893 l,
836 2819 891 2880 13:
922 2818 1030 2891 edepol
1061 2833 1106 2874 me
1136 2813 1180 2874 illi
1208 2811 1315 2870 melius

156 2901 214 2982 (sc.
232 2923 361 2971 seruere
377 2911 556 3000 poterunt),
578 2913 605 2972 si
619 2915 721 2974 naneti
743 2912 801 2984 isio
816 2913 877 2992 Ap)
893 2915 992 2987 fouet.
1013 2909 1128 2977 Bacch.
1144 2927 1172 2973 v.
1187 2912 1248 2970 564
1259 2921 1315 2982 sq:

157 3006 271 3064 nisi-
302 3025 474 3082 occuperos.
521 3005 582 3087 Ν,
606 3016 640 3087 4,
664 3017 720 3074 47:
750 3013 841 3074 Immo
869 3015 897 3073 si
925 3012 1042 3072 audies.
1086 3025 1115 3071 v,
1140 3012 1195 3070 48:
1220 3007 1250 3064 Si
1274 3035 1315 3044 -

156 3104 276 3164 dixeris.
294 3121 350 3166 ..q
374 3109 432 3168 80:
466 3109 543 3180 Quid
563 3098 601 3167 'si
627 3112 726 3184 potins
750 3113 897 3184 morbum,
927 3117 1051 3170 mortem
1080 3105 1212 3170 smibot?
1257 3097 1314 3162 tuit

156 3196 240 3260 ruite
265 3203 312 3271 ei,
346 3215 435 3266 meur
461 3219 490 3265 er
514 3201 603 3268 liebri
628 3240 664 3250 -
695 3204 825 3285 idriebe.
870 3207 936 3272 Mil.
961 3206 989 3282 Ι,
1015 3210 1042 3271 1,
1067 3208 1124 3268 53:
1156 3201 1200 3260 Ni
1222 3200 1314 3259 hebes

154 3300 316 3360 meeheere
342 3304 427 3374 foret.
475 3301 531 3381 IV,
555 3308 583 3382 5,
606 3308 639 3368 8:
662 3307 690 3368 si
706 3324 822 3381 possem
846 3337 882 3352 -
914 3323 1034 3384 operum
1063 3304 1146 3374 dedi,
1177 3296 1218 3362 ud
1240 3314 1269 3376 q.
1293 3293 1312 3358 l.

153 3395 313 3462 Lindum:
336 3400 391 3478 „Si
413 3399 444 3465 h.
468 3399 486 3464 l.
511 3419 573 3466 non
596 3402 784 3483 simpliciter
806 3422 864 3483 pro
886 3423 928 3464 oe
949 3403 1095 3483 ponitur,
1119 3399 1175 3463 sed
1197 3400 1247 3460 est
1269 3393 1314 3458 el-

154 3491 298 3573 iiptieum
322 3498 448 3563 dicendi
471 3517 581 3580 genus.
628 3500 726 3565 Piene
756 3509 842 3566 esset
870 3502 988 3567 oratio:
1018 3519 1139 3578 oporam
1172 3497 1256 3567 dodi,
1288 3495 1315 3555 si

152 3624 195 3634 —
224 3613 359 3670 possem,
389 3605 422 3658 ut
450 3600 479 3658 id
510 3600 669 3664 elicerem.
716 3599 779 3665 Sed
808 3619 906 3680 quum
931 3599 1023 3666 iscile
1051 3603 1165 3679 sponte
1194 3589 1312 3658 intelli·

153 3695 250 3769 gutur
272 3692 351 3758 illud
374 3705 407 3756 ut
430 3698 461 3757 id
483 3698 648 3770 elicerem,
678 3700 830 3778 omissum
859 3698 940 3764 est-‘⁶
985 3697 1083 3762 Mero.
1107 3694 1157 3773 ΙΙ,
1182 3698 1211 3768 3,
1238 3693 1312 3754 108:

153 3791 250 3852 Multo
275 3793 375 3856 heruie
399 3797 451 3856 ille
483 3799 576 3873 mugio
600 3817 705 3874 senex,
732 3800 760 3860 si
787 3808 818 3860 tu
840 3801 927 3862 seius.
973 3796 1069 3861 Poeu.
1099 3791 1177 3873 prol.
1202 3809 1229 3854 v,
1257 3792 1311 3852 12:

153 3889 328 3952 Iamdudum
350 3904 487 3968 expecto,
509 3896 536 3956 si
558 3904 636 3956 tuom
653 3894 782 3958 oiiioinm
804 3901 890 3960 seius.
921 3916 950 3960 v.
969 3900 1024 3960 27:
1049 3894 1083 3956 Si
1097 3896 1196 3954 miurus
1211 3905 1312 3952 ouras·

149 3987 220 4065 sini,
244 4007 311 4050 oum
335 3993 381 4050 eri
404 3992 558 4054 reveniunt
581 3993 706 4055 domum.
751 3992 811 4072 ΠΙ,
834 4002 866 4075 4,
891 3999 945 4058 18:
970 3997 1065 4071 Quid,
1091 3990 1256 4057 sireoenti
1278 4001 1310 4044 re

151 4089 235 4150 sedis
260 4089 396 4161 poium?
438 4087 476 4166 V,
507 4095 545 4169 4,
570 4095 623 4156 72:
657 4095 704 4153 Du
733 4096 855 4172 pignus,
885 4097 919 4155 ni
947 4113 1025 4156 nuno
1047 4096 1176 4170 peteres,
1206 4091 1235 4146 in
1264 4101 1310 4144 ⁸⁸·

149 4187 227 4246 vium
257 4191 325 4246 nter
355 4189 415 4247 utri
449 4189 507 4249 dot.
554 4207 584 4253 v.
611 4195 666 4255 81:
694 4193 851 4255 Advortite
879 4197 1021 4266 animum,
1051 4193 1201 4254 mulieres.
1246 4185 1311 4256 Pri·
