3036 4766
237 171 302 234 338
538 162 602 203 ΟΔΡ.
614 161 663 203 Π.
688 159 838 202 noenum
851 156 1103 199 nummulorum

236 351 338 425 Atque
357 351 468 412 ibidem
490 351 541 412 nhi
559 367 641 412 nnnc
663 356 733 412 sunt
754 349 827 410 lecti
848 349 938 410 strati
960 349 1071 424 potetis
1087 349 1157 411 cito.
1180 364 1210 410 u.
1231 349 1318 410 1185
1335 361 1400 424 sq:

238 453 303 510 ison
327 450 383 509 hac
406 465 521 510 mecum
551 445 751 521 intrantque
778 445 915 522 [induces
945 448 1075 508 animum
1097 443 1186 520 haec]
1215 453 1249 504 nt
1277 447 1324 506 eis
1349 444 1399 505 de·

239 549 312 606 licta
334 544 497 621 ignoscas?
541 541 628 608 Trita
651 541 695 621 ΙΙ,
718 546 748 622 2,
771 546 827 606 6οι
859 545 917 618 Qui
944 545 1062 620 qnidam
1090 561 1235 618 nusquam
1258 559 1317 616 per
1341 543 1399 601 vir·

239 649 333 704 cotem
361 659 424 704 rem
455 640 603 718 confregit
629 647 717 715 omae
747 647 825 716 eget.
877 638 1006 704 Terent.
1033 637 1166 718 Adelph.
1198 637 1253 716 lV,
1278 642 1317 713 4,
1346 641 1400 700 15:

239 742 292 802 sed
314 739 457 814 reprendi
479 756 525 799 ma
548 747 663 813 tamen,
693 738 812 814 Neqnid
840 738 877 798 de
900 738 995 800 fratre
1022 740 1162 814 garrulos
1190 739 1238 798 illi
1260 738 1399 796 dicerem

239 854 276 898 oc
297 837 385 897 fieret
406 839 515 910 palam.

324 949 355 1011 p.
385 929 475 1008 Quae
497 929 651 1012 temporis
673 948 757 996 nexu
779 929 923 1011 proxime
945 937 980 996 et
1002 931 1153 996 continua
1175 929 1258 996 serie
1282 928 1400 994 cohae-
1491 989 1492 996 ,

239 1033 322 1108 rent,
345 1027 581 1110 coniunguntur
610 1045 669 1109 per
698 1035 801 1104 mque:
836 1044 900 1108 quo
923 1031 1055 1093 notatur
1084 1029 1132 1108 id,
1162 1027 1246 1108 qnod
1275 1025 1398 1090 iactum

239 1131 301 1206 est,
323 1125 450 1209 aequali
471 1125 523 1191 rel
545 1125 657 1190 eodem
683 1125 777 1190 modo
806 1127 986 1192 continuari
1016 1130 1050 1190 et
1075 1126 1214 1190 transire
1244 1124 1277 1188 in
1301 1123 1398 1186 aliam

239 1241 306 1288 rem
330 1223 390 1288 sibi
411 1241 470 1304 per
490 1223 597 1304 ipsum
619 1223 774 1304 temporis
796 1241 979 1289 successum
995 1227 1170 1304 cognatam.
1200 1221 1239 1286 In
1252 1221 1304 1286 his
1320 1237 1397 1284 vero

239 1320 393 1402 exemplis
420 1320 559 1401 plurima
585 1337 761 1400 pronomen
789 1320 1075 1386 demonstrativum
1108 1339 1180 1386 cum
1210 1326 1300 1394 otqae
1322 1336 1396 1383 con-

238 1417 382 1484 iunctum
402 1417 562 1484 exhibent.
606 1416 711 1482 Plant
736 1417 829 1484 Most.
852 1417 895 1495 ΙΙ,
919 1421 949 1496 2,
972 1423 1012 1483 55
1036 1417 1148 1492 (Hand.
1176 1435 1207 1497 p.
1231 1415 1319 1495 480).

325 1533 355 1596 q.
400 1514 507 1592 Quom
528 1514 629 1595 igitur
658 1532 711 1594 ea,
739 1532 822 1594 qnae
853 1515 997 1596 proximo
1021 1519 1054 1580 et
1077 1516 1227 1581 continuo
1249 1517 1397 1592 tempore

240 1618 433 1684 evenerunt,
460 1611 568 1677 statim
598 1611 742 1677 evenisse
765 1611 930 1692 deantur,
959 1620 1047 1689 atque
1069 1629 1165 1692 saepe
1188 1611 1234 1675 ita
1256 1610 1397 1691 ponitur,

238 1713 276 1774 ut
299 1709 451 1789 explicari
473 1708 568 1774 hceat
589 1725 649 1790 per
671 1715 698 1771 et
719 1712 830 1780 cutim,
852 1716 882 1772 et
901 1713 989 1774 illico.
1006 1709 1128 1776 -Sed
1150 1726 1214 1773 non
1235 1709 1331 1784 modo
1349 1725 1396 1784 ca,

240 1821 323 1885 quac
346 1805 554 1871 continuone
577 1805 748 1886 excipiunt,
771 1806 817 1870 ita
838 1807 1064 1888 designantur,
1095 1806 1152 1871 scd
1174 1805 1271 1870 eiiam
1295 1821 1396 1868 nexus

240 1919 349 1968 rerum
366 1901 556 1968 necessitate
572 1902 710 1984 quadam
727 1903 976 1984 cohaerentium,
999 1903 1055 1984 qui
1071 1903 1280 1985 grammatica
1294 1901 1398 1966 forma

239 1999 389 2081 apndosis
412 1999 608 2081 exprimitur.
633 2001 794 2080 (Handius
816 2019 847 2083 p.
869 2005 943 2068 480.
968 2006 1053 2072 483).
1088 2000 1184 2066 Ennii
1207 1999 1314 2065 annal.
1336 1999 1396 2064 inc.

239 2096 324 2164 sedis
353 2095 466 2179 fragm.
490 2101 545 2162 67:
578 2099 679 2173 Atque
704 2104 793 2174 utpote
820 2102 937 2163 accedit
966 2119 1066 2162 moros
1093 2102 1228 2162 Romana
1249 2101 1395 2160 iuventas.

239 2193 363 2261 Gellius
385 2195 432 2271 X,
456 2199 509 2260 29:
539 2200 645 2271 „atquc
674 2196 833 2276 particula
855 2197 981 2278 gemina
1003 2196 1030 2261 si
1052 2194 1103 2276 it,
1123 2201 1223 2278 auget
1244 2193 1396 2260 intendit·

239 2308 302 2373 qne
324 2311 408 2371 rem,
432 2291 472 2358 de
494 2309 558 2374 qua
579 2292 702 2373 agitur,
726 2297 763 2356 ut
777 2293 1059 2358 animadvertimus
1081 2293 1113 2356 in
1130 2293 1165 2370 Q.
1182 2293 1279 2358 Ennii
1301 2309 1397 2356 anna-

237 2388 343 2455 libus“
372 2393 448 2456 cett
479 2389 602 2454 Nonius
623 2405 654 2470 p.
679 2393 751 2465 530,
775 2395 793 2456 3
822 2398 928 2467 ‚adae
950 2390 1124 2472 particula,
1155 2391 1182 2456 si
1211 2389 1395 2472 dihgentius

238 2485 447 2567 intelligitur,
480 2485 614 2552 multam
647 2485 745 2552 habet
773 2486 1054 2569 significationem,
1089 2494 1125 2553 ut
1153 2487 1203 2553 vel
1231 2487 1313 2552 illud
1347 2490 1397 2550 est

239 2583 338 2648 Enni:
364 2589 463 2664 atque
566 2584 731 2664 inventus,
763 2585 848 2664 qnod
875 2589 925 2650 est
951 2584 1067 2650 festine
1098 2592 1131 2650 et
1162 2584 1396 2666 intrepidanter

240 2678 414 2745 accendit.“
440 2682 585 2757 (accendit
605 2679 700 2744 Nonii
721 2679 815 2754 libri).
850 2682 953 2747 Plant.
977 2681 1091 2762 Amph.
1114 2683 1159 2762 ΙΙ,
1187 2689 1220 2761 l,
1247 2687 1305 2750 13:
1328 2684 1394 2743 Ma·

240 2782 299 2840 lom
323 2779 402 2854 qnod
425 2779 480 2841 tibi
503 2779 534 2837 di
556 2778 669 2840 dabunt
691 2783 778 2852 atqcae
800 2799 855 2857 ogo
870 2782 958 2842 hodie
974 2783 1069 2860 Dabo,
1093 2781 1133 2845 de
1157 2775 1221 2859 que
1235 2778 1306 2844 loco
1323 2778 1395 2843 vide

239 2872 400 2938 Handinm
428 2891 459 2956 p.
489 2877 561 2939 482.
594 2871 684 2955 cnpt.
708 2874 777 2954 Ill,
808 2880 842 2947 1,
867 2879 923 2940 19:
953 2882 1041 2952 atque
1069 2882 1114 2940 illi
1145 2886 1256 2940 tonent.
1302 2875 1393 2957 Epid.

239 2969 289 3050 ΙΙ,
313 2975 343 3050 2,
368 2975 423 3036 33:
454 2975 548 3047 Quom
571 2974 659 3035 venio
681 2974 719 3036 ad
740 2980 859 3050 portum
889 2973 949 3055 (sic
971 2975 1092 3041 Acidal.
1115 2977 1164 3057 Ap
1192 2977 1229 3037 ad
1250 2971 1394 3054 portam),

239 3075 327 3144 chae
348 3073 430 3132 illam
453 3072 498 3131 illi
525 3088 580 3146 ago
607 3071 693 3132 video
714 3073 944 3149 praestolarier,
968 3097 1010 3125 =
1031 3072 1082 3134 καὶ
1108 3063 1175 3134 τότε
1197 3071 1332 3137 Becker.
1363 3089 1393 3152 p·

239 3170 268 3232 d.
291 3166 406 3233 Bacch.
429 3166 473 3246 Il,
497 3169 526 3242 8,
548 3172 605 3230 45:
630 3168 707 3228 Dum
730 3165 805 3244 [mc]
828 3170 1055 3249 circumspecto,
1079 3177 1166 3245 atquc
1187 3189 1242 3246 ego
1265 3173 1394 3232 lcmhnm

239 3268 405 3342 conspicor.
450 3262 545 3328 Most
567 3262 606 3342 V,
632 3268 662 3342 1,
685 3266 722 3326 9:
754 3266 848 3339 Quom
871 3285 938 3328 cnm
960 3271 1136 3342 convocavi,
1166 3272 1254 3342 etque
1279 3271 1327 3330 illi
1348 3284 1393 3329 me

240 3377 277 3424 ex
299 3369 405 3424 sonato
428 3369 594 3439 segregant.
1488 3413 1489 3416 ,

325 3475 351 3522 ι.
396 3455 442 3522 Ut
455 3462 549 3522 antea
563 3457 699 3522 vidimus
722 3456 952 3523 iunctioribus
968 3459 1206 3542 coniungendis,
1229 3461 1276 3526 ita
1295 3461 1390 3528 ctiam
1488 3453 1489 3456 ’

238 3552 272 3620 ἰιι
294 3553 460 3620 sententiis
482 3554 686 3620 conserendis
708 3552 812 3619 oratio
827 3571 887 3636 per
902 3563 991 3631 oque
1005 3556 1173 3624 adscendit
1187 3559 1229 3623 ad
1243 3559 1391 3640 graviora

239 3655 274 3720 et
300 3651 435 3732 maiora,
465 3650 597 3734 reliquis
624 3651 869 3733 aequiparanda.
914 3653 995 3718 Tum
1022 3653 1176 3735 explicari
1202 3663 1314 3738 potest
1334 3672 1390 3737 per

239 3749 369 3820 cloden,
392 3750 487 3824 odota
508 3751 587 3814 cclcc
611 3748 730 3826 (Hand.
752 3767 783 3830 p·
806 3748 893 3828 484).
923 3748 1030 3817 Plaut.
1054 3751 1171 3820 Bacch.
1194 3752 1252 3832 IV,
1276 3759 1314 3833 7,
1337 3755 1388 3816 27:
1487 3759 1488 3772 ¹

237 3845 340 3922 Anco
361 3849 461 3909 orchis
483 3865 530 3910 me
554 3849 672 3925 qnidam
695 3849 774 3910 ultro
797 3857 831 3910 nt
851 3847 993 3909 anferam.

325 3960 349 4009 s.
392 3941 550 4024 Loquitur
571 3943 686 4010 deinde
708 3943 855 4010 Handiuc
876 3959 906 4024 p.
929 3947 992 4010 487
1009 3961 1078 4027 sqq.
1100 3945 1141 4012 de
1164 3963 1203 4014 eo
1224 3964 1305 4028 unu,
1328 3961 1388 4028 quo

238 4057 296 4122 per
322 4046 409 4118 cepae
434 4040 589 4108 transitos
615 4037 684 4106 lieri
715 4041 833 4108 dicitm
866 4041 1025 4122 docetque
1059 4043 1295 4110 adrematinnm
1328 4044 1388 4108 vim

237 4137 365 4206 omnino
385 4137 559 4206 abhorrere
581 4137 622 4206 ab
644 4137 970 4222 incantatricem
992 4139 1067 4220 poni
1089 4145 1197 4210 tamen
1217 4157 1311 4222 posse
1332 4156 1386 4223 pro
1486 4149 1487 4189 l

25 4273 482 4404 RQ

486 4403 565 4414 ..„·*·—
587 4413 592 4416 -
