3036 4766
233 147 295 211 378
541 141 603 182 ote.
617 141 662 206 lif.
690 139 840 181 nocuum
854 138 1102 180 suouetaulouuu.

231 335 372 393 lacrumis
394 331 564 409 defendant,
589 335 648 393 iam
671 331 776 394 ardeat
799 333 889 394 eredo
911 337 1011 407 eaput.
1056 327 1112 403 IV,
1135 332 1173 405 2,
1197 331 1224 391 2.
1255 327 1303 392 De
1324 326 1379 384 mi-

230 447 298 489 rum
317 432 351 489 nt
372 427 444 493 vids
466 427 625 493 Hundium
648 445 678 510 p.
705 433 776 494 193.
798 427 903 492 Plaut.
925 423 1039 508 Amph.
1061 425 1087 504 Ι,
1113 431 1141 502 l,
1166 429 1242 489 163:
1265 427 1381 486 Mirum

230 532 263 589 oi
285 532 334 591 hie
363 547 409 590 me
440 531 524 604 quasi
553 545 722 590 muraouam
752 545 892 589 exossare
915 528 1034 602 sopitat.
1078 521 1169 604 Oapt.
1192 521 1247 601 lv,
1272 526 1306 600 2,
1329 524 1378 584 25.
1505 571 1506 594 ,

230 625 344 692 Bacchi
369 625 435 701 ΙΙΙ,
459 629 487 703 3,
510 627 567 688 46:
590 627 679 687 Miro
696 631 771 687 suot
787 628 821 685 ui
839 626 1021 688 Pistoclerus
1043 625 1157 685 Ludum
1171 625 1288 699 *pugnis
1310 639 1382 682 oon·

231 725 318 786 tudlt.
363 724 490 788 Terent.
520 721 617 787 Andr.
640 723 702 803 III,
725 729 762 802 4,
788 728 841 789 19:
875 725 991 784 Mirtum
1017 723 1051 781 ai
1079 722 1202 800 domist,
1237 715 1278 783 ad
1307 716 1380 797 qt

230 821 370 886 Ruhnk:
395 821 435 900 „i
459 837 485 884 e.
509 820 577 885 sins
599 821 712 902 dubio,
742 820 899 885 nimirum.
944 819 1025 884 Eun.
1047 817 1098 899 ΙΙ,
1123 823 1159 898 3,
1182 823 1239 883 53:
1266 819 1379 880 Mirm

230 922 361 983 uthans
385 918 489 984 dioit.“
535 917 704 986 Nonnullis
726 924 834 983 umen
855 917 933 982 loeis
955 935 1014 997 pro
1037 936 1075 982 eo
1097 919 1158 978 uisi
1178 916 1300 981 dictum
1321 917 1381 993 est,

228 1016 333 1082 Plaut.
357 1018 470 1098 Amph.
494 1019 524 1098 Ι,
551 1024 585 1097 l,
611 1023 690 1083 127:
719 1021 806 1081 Miro
827 1022 897 1079 saut
917 1019 976 1078 uisi
998 1019 1135 1080 invitavit
1164 1034 1229 1078 sose
1252 1018 1281 1076 in
1305 1031 1382 1076 oens

229 1119 410 1194 plusculum,
433 1121 466 1182 et
494 1135 526 1182 u.
550 1121 626 1181 2⁷5:
660 1121 746 1180 lisura
768 1122 839 1182 suat
866 1117 927 1176 asiai
954 1118 1043 1192 latuit
1064 1119 1145 1178 intus
1168 1117 1231 1176 illio
1254 1117 1284 1174 in
1306 1115 1383 1176 illae

229 1216 342 1278 hirnea.
386 1214 554 1280 Ponuntur
581 1214 757 1295 particulae
787 1218 815 1276 si
845 1218 877 1278 et
899 1216 933 1274 ui
960 1212 1056 1278 etium
1084 1212 1118 1276 in
1148 1211 1384 1292 sponsionibus,

229 1311 269 1377 de
297 1329 361 1392 qua
390 1331 426 1378 re
457 1312 609 1378 disseruit
635 1313 767 1378 Rostius
798 1314 966 1377 comment
990 1307 1091 1376 Plaut.
1115 1329 1145 1391 p.
1173 1315 1213 1374 72
1235 1327 1304 1390 sqq.
1350 1310 1385 1376 Si

231 1411 294 1474 dno
326 1409 469 1476 membra
501 1410 534 1475 in
568 1412 737 1491 sponsione
773 1412 1020 1489 componuntur,
1053 1407 1087 1473 in
1119 1408 1221 1473 aliero
1253 1409 1386 1490 ponitur

225 1510 310 1578 otoo,
340 1507 408 1573 sive
436 1509 612 1589 praemisso
639 1512 686 1587 oi,
715 1509 843 1574 sivest.
889 1506 1043 1587 Exempla
1071 1512 1145 1572 sunt
1172 1506 1279 1571 Plaut.
1310 1505 1383 1574 Cas.

228 1607 308 1687 prol.
332 1625 360 1670 v.
386 1611 444 1672 tu:

420 1707 454 1767 ld
476 1710 509 1766 oi
532 1711 586 1783 sit,
609 1725 724 1768 meeum
746 1707 870 1782 pignus,
894 1709 987 1783 siquis
1010 1709 1085 1778 volt,
1117 1706 1186 1766 dato

416 1805 451 1864 Iu
474 1823 578 1866 urnam
600 1808 694 1866 mulsi.

228 1899 321 1979 Epio.
345 1899 383 1978 V,
408 1905 441 1978 2,
466 1906 522 1964 35:

608 2033 650 2043 —-
671 2002 704 2059 ni
726 2019 797 2076 ergo
818 2004 922 2062 matris
944 2001 1044 2074 filiast,

358 2101 391 2158 ln
416 2115 700 2168 normannorum,
726 2101 762 2158 in·
780 2105 861 2159 tuum
888 2102 1031 2159 talentum
1054 2101 1160 2175 pignus
1184 2102 1229 2160 da.

225 2194 322 2258 Poen.
347 2193 385 2274 V,
409 2201 446 2270 4,
471 2200 525 2259 72:
555 2201 602 2258 Da
624 2200 748 2274 pignus,
774 2198 807 2256 oi
835 2215 913 2257 nunu
936 2201 1068 2274 peiores,
1096 2201 1126 2258 in
1157 2199 1284 2273 savium,
1314 2207 1386 2260 uter

227 2296 369 2357 utrina.
415 2293 495 2358 llud.
519 2292 577 2373 ΠΙ,
600 2299 630 2372 4,
658 2299 760 2360 7—9:

752 2394 846 2470 [erpo
869 2391 952 2468 dato]

356 2495 402 2552 De
427 2499 532 2552 senatu
549 2493 712 2568 Cyrenensi
736 2494 867 2569 quemvis
889 2495 1061 2567 opulentum
1086 2493 1266 2570 [arbitrum],

359 2590 392 2650 Si
414 2599 480 2652 tuas
503 2609 569 2652 esse
593 2597 713 2666 oportet
734 2591 803 2650 uiue
822 2607 873 2651 sas
895 2608 963 2652 osse
987 2599 1111 2665 oportet
1129 2594 1250 2670 liberas,
1352 2623 1355 2630 ·

358 2690 435 2747 Nive
456 2692 486 2748 in
510 2705 662 2750 oaroerem
685 2690 835 2764 compingi
856 2695 886 2748 ts
909 2699 1071 2764 aequomst.

227 2783 310 2847 Rud.
333 2783 371 2862 V,
396 2789 430 2859 3,
454 2789 494 2849 22
511 2801 596 2865 sqq:
912 2864 913 2867 Ἴ

728 2915 772 2928 --
794 2883 828 2943 st
850 2887 981 2946 vidulum

210 3051 215 3060 ,
269 2983 354 3042 Hune
378 2982 552 3056 redigissem
576 2985 606 3043 in
628 2989 808 3058 potestatem
833 2986 907 3061 eius,
930 2985 1060 3044 iuratust
1082 2984 1153 3045 dare

268 3082 343 3140 Mihi
367 3082 512 3141 talentum
540 3096 676 3157 magnum
706 3083 832 3157 argenti.
868 3079 933 3143 LA.
956 3082 1040 3170 Cedo
1063 3084 1180 3157 quicum
1208 3083 1335 3143 habeam

632 3177 634 3181 ’
890 3181 1029 3257 inditam,

268 3275 312 3335 Ni
335 3275 403 3336 dolo
426 3278 504 3338 malo
526 3279 719 3352 instipulatus
743 3280 784 3339 sis
806 3279 875 3338 idue
903 3278 1063 3338 otiandum
1086 3276 1170 3354 [hau]
1195 3281 1268 3340 sien

270 3374 404 3449 Quinque
422 3380 453 3434 ot
467 3375 570 3450 viginti
586 3393 679 3437 annos
694 3382 790 3438 natus.
815 3373 881 3438 GR.
897 3377 981 3438 Habe
997 3393 1062 3438 oum
1079 3377 1143 3436 hoc.
1174 3377 1337 3454 [ImmoP'i

892 3476 989 3536 ullust
1004 3490 1086 3549 opus.

269 3567 366 3632 ΒΑΕ.
393 3573 453 3630 lon
477 3572 514 3632 ab
540 3573 600 3634 isto
623 3571 741 3633 auferre
770 3573 828 3633 hau
856 3574 949 3634 sinam
977 3571 1047 3650 [ts],
1085 3573 1117 3630 oi
1144 3574 1241 3632 istuno
1265 3589 1338 3633 oon·

894 3671 1079 3732 denudavero.

226 3762 401 3828 illudatur
431 3751 527 3830 etiarn
549 3765 581 3830 in
608 3765 720 3846 quavis
750 3765 961 3832 disiunctione
988 3771 1178 3848 usurpatur,
1207 3783 1304 3846 quum
1334 3769 1382 3833 sit

240 3922 451 3932 ——-——--‹v

297 4003 437 4069 ¹⁹)'Immo
463 4006 579 4062 inseruit
597 4007 805 4076 Fleckeisenns,
832 4007 882 4064 sed
900 4009 952 4083 hoc
975 4026 1039 4063 num
1063 4025 1155 4064 verum
1173 4010 1211 4064 sit
1231 4008 1380 4064 admodum

224 4088 333 4143 dubitat
351 4090 379 4142 in
397 4089 491 4144 Iahnii
504 4091 592 4145 annal.
613 4092 695 4158 1851,
717 4091 864 4162 vol,LX1,
884 4100 950 4148 sect.
972 4096 1000 4162 1,
1020 4112 1046 4162 p.
1066 4097 1100 4149 52
1121 4100 1149 4146 et
1173 4091 1238 4146 dicit
1257 4092 1380 4148 fortasse
1498 4133 1499 4140 Ι

224 4171 399 4226 scribendum
418 4187 480 4228 esse
498 4187 557 4227 eoa.
882 4215 884 4222 .
1498 4149 1499 4199 Ι
