3076 4762
235 200 275 239 Du
290 199 388 240 nouis.
402 219 427 230 -
441 199 499 241 IND.
515 201 544 240 ΙΙΙ
559 201 672 241 INTERR.
689 201 826 254 suntquis
841 205 879 243 ΕΤ
893 205 998 244 ENUNC.
1014 204 1186 246 outscslvrs.
1231 213 1288 274 111·

135 393 174 454 15
198 392 285 457 (ἓν.
310 386 404 469 207):
429 386 533 452 Sentio
557 409 641 466 quam
666 411 727 454 rem
752 397 850 472 agitis.
881 393 1023 459 Lindem.
1048 397 1122 472 agis,
1143 393 1227 472 quod
1244 392 1293 458 sic

133 485 287 567 explicat:
317 485 423 565 „dicta
450 503 509 566 pro
537 505 574 551 eo
602 489 686 566 quod
709 489 816 555 dicere
840 491 956 556 voluit:
979 509 1058 570 rem,
1090 508 1185 570 quam
1207 490 1290 572 agis,

132 584 245 661 sentio,
269 582 352 648 unde
376 584 596 650 indicativus.“
619 584 678 666 111,
694 591 724 663 4,
749 593 805 652 25:
832 590 924 649 Viden
950 597 982 650 tu
1006 591 1096 667 hunc,
1121 608 1207 666 quam
1231 589 1286 648 ini-

132 685 208 744 mico
247 686 327 744 voltu
368 685 519 746 intuitur?
556 682 594 763 V,
625 687 653 762 2,
677 689 739 750 .11:
778 690 843 748 dice
877 687 948 763 quid
982 688 1058 759 fers,
1096 686 1151 751 ubi
1183 683 1290 749 sind:

133 779 221 858 „Ind
244 781 309 852 sere
331 797 369 844 ex
386 781 540 845 sermonis
555 779 724 847 familiaris
736 783 963 848 consuetudine
980 788 1013 848 et
1027 801 1115 848 more
1130 783 1287 847 Plautino.

134 875 214 940 Orta
229 875 366 940 formula
382 895 421 941 ex
443 877 521 944 hac:
547 880 624 955 Quid
647 881 729 942 fers?
751 883 835 945 Dice.
871 883 942 946 Duo
959 880 1128 946 enunciata
1142 881 1175 944 in
1192 898 1290 944 unum

133 974 302 1039 coniuncta
325 974 428 1039 sunt.“
471 975 563 1042 Curc.
586 975 613 1056 Ι,
637 981 665 1055 3,
690 983 726 1042 3:
752 981 848 1040 Viden
879 988 910 1038 nt
939 998 1011 1040 anus
1040 982 1168 1040 tremula
1195 980 1293 1040 medi·

135 1076 231 1133 cinam
263 1074 357 1146 socii?
384 1073 411 1151 Ι,
440 1079 469 1151 3,
503 1079 559 1138 32:
588 1077 682 1138 Viden
714 1085 747 1142 ut
773 1079 881 1137 misere
904 1079 1088 1138 metiamtur?
1110 1073 1159 1154 ΙΙ,
1179 1081 1208 1150 3,
1232 1079 1288 1140 32:

133 1172 208 1230 Vide
232 1181 264 1230 ut
280 1173 434 1246 expalluit.
467 1168 537 1234 (ias
562 1171 604 1252 ΙΙ,
629 1175 658 1254 3,
682 1179 737 1240 30:
761 1176 838 1252 vide,
861 1178 1014 1250 palliolum
1045 1183 1076 1234 ut
1103 1177 1200 1247 ragat.
1247 1171 1288 1249 ΙΙ,

133 1269 162 1344 6,
193 1271 248 1330 26:
284 1272 366 1347 Vide,
396 1271 465 1345 quid
489 1273 673 1347 scriptumst.
705 1269 763 1348 III,
794 1275 821 1349 5,
849 1275 901 1335 15;
932 1273 1034 1332 Timeo
1059 1276 1115 1332 hoc
1137 1273 1288 1345 negotium

132 1367 280 1439 quidest.
305 1363 380 1430 cist.
404 1365 430 1442 I,
457 1370 483 1445 l,
508 1371 564 1430 27:
586 1371 756 1430 Amicitiam
780 1379 812 1429 ut
834 1369 935 1429 colunt
961 1381 1048 1445 atquo
1079 1379 1112 1430 ut
1139 1387 1202 1430 eam
1224 1371 1290 1427 iun-

133 1469 210 1523 ctam
234 1465 344 1524 tabent
364 1468 445 1525 inter
469 1485 544 1526 sese.
569 1485 594 1530 v.
618 1467 676 1530 84:
701 1486 758 1542 qua
782 1471 943 1528 arcessitae
968 1486 1058 1528 causa
1081 1470 1117 1527 ad
1141 1485 1187 1527 me
1211 1466 1289 1544 estis,

133 1563 266 1636 eloquar.
291 1560 332 1638 ΙΙ,
358 1568 386 1641 3,
409 1563 451 1626 47
475 1580 536 1643 sq:
560 1565 671 1624 Faciem
696 1563 754 1638 (sic
774 1562 883 1643 Both)
913 1569 1072 1639 consciam,
1103 1565 1180 1638 Quid
1211 1581 1289 1624 nunc

132 1658 301 1719 disfacere
325 1661 393 1721 me?
416 1659 470 1739 IV,
488 1665 517 1740 2,
541 1666 559 1724 7
582 1647 717 1726 Bothius
740 1663 834 1726 metri
858 1679 955 1726 causa
983 1661 1112 1740 scripsit
1142 1665 1191 1722 ubi
1214 1670 1292 1735 east,

133 1755 256 1834 Nescio,
275 1773 333 1834 pro
350 1756 435 1837 vulg.
452 1759 555 1828 ubios
577 1762 626 1834 sit,
651 1757 716 1823 sed'
729 1759 837 1824 deleto
860 1777 896 1821 eo
918 1761 1020 1838 possis
1037 1757 1131 1824 etiam
1149 1757 1290 1822 scribere

132 1855 184 1912 ubi
203 1855 249 1916 st't.
289 1873 317 1917 v.
346 1859 403 1918 82:
431 1859 592 1932 Eloquere,
622 1860 699 1919 uude
728 1861 802 1919 haec
831 1864 899 1918 saut
922 1861 985 1932 tibi,
1014 1861 1083 1931 cito,
1117 1858 1295 1932 crepundia.

133 1947 225 2028 Epid.
251 1950 276 2030 I,
304 1956 329 2027 Ι,
354 1957 412 2016 38;
437 1956 585 2032 Loquere,
608 1959 672 2030 ipse
697 1958 777 2016 ubist
790 1957 1008 2032 Stratippocles
1025 1959 1081 2029 (sic
1102 1955 1160 2033 Ap.
1179 1952 1291 2033 Vulg.:

132 2049 293 2124 Eloquere,
318 2055 368 2113 at:
393 2054 443 2113 ubi
466 2054 530 2128 ipse
555 2058 620 2126 est).
644 2049 705 2132 ΙΙΙ,
729 2057 760 2130 4,
786 2057 886 2131 lsq.:

327 2149 405 2210 Cave
427 2153 630 2226 praeterbitas
654 2154 730 2212 ullas
754 2151 846 2225 aedis,
871 2153 940 2226 quin
964 2169 1061 2227 roges,

331 2248 428 2307 Senex
451 2249 501 2308 ubi
523 2248 639 2308 habitat
659 2250 1048 2324 PeriphanesPlotheuius.

221 2338 337 2405 Bacch.
360 2342 385 2423 Ι,
411 2347 520 2423 1,4s:
544 2345 612 2406 Scio
636 2339 718 2424 [ego]
742 2345 812 2422 quid
836 2363 900 2419 ago.
925 2341 975 2408 ΡΙ.
1000 2348 1040 2406 ut
1063 2363 1117 2420 ego
1147 2349 1198 2420 pol
1229 2347 1297 2405 scio

137 2440 206 2512 quid
230 2445 336 2502 metuo.
360 2441 401 2521 II,
426 2445 456 2521 2,
481 2447 535 2506 24:
560 2444 624 2505 Scis
648 2453 680 2504 tu
703 2452 735 2503 ut
759 2441 906 2518 confringi
929 2462 980 2503 vas
1003 2446 1063 2503 citu
1088 2444 1217 2501 Samium
1247 2459 1298 2502 sa

137 2537 182 2596 tet.
208 2535 245 2600 cf.
270 2557 298 2602 v.
324 2544 378 2602 25:
401 2541 497 2600 Viden
521 2547 553 2601 ut
583 2559 670 2617 aegre
693 2541 813 2616 potitur
840 2558 906 2600 esse
935 2545 1052 2618 gu'atum
1084 2551 1297 2615 conrumptum.

140 2644 231 2712 tuum,
255 2669 297 2678 —
320 2643 353 2698 ut
376 2640 458 2714 ipsus
482 2655 548 2699 sese
573 2640 688 2703 acuat
707 2639 915 2716 aegritudine?
937 2637 996 2715 111,
1022 2643 1050 2708 (i,
1067 2641 1122 2702 29:
1148 2641 1203 2697 Dic
1227 2640 1293 2713 quis

138 2741 192 2794 est.
237 2733 286 2795 ΙΙ).
308 2751 336 2796 v.
355 2738 410 2798 32:
436 2737 513 2809 Quid
537 2737 618 2807 esti,
642 2735 696 2800 ubi
719 2737 791 2810 qaid
811 2737 851 2796 stt
865 2739 1077 2815 exspectatur,
1101 2753 1198 2815 quum
1214 2733 1299 2798 haec.

138 2848 176 2894 ex
218 2831 323 2894 animo
360 2831 527 2897 Pistocleri
567 2833 651 2897 dicta
689 2833 767 2898 siut:
802 2831 985 2914 interrogas
1018 2851 1078 2912 me,
1120 2833 1196 2912 quid
1230 2831 1293 2896 sit?

138 2927 193 3004 IV,
221 2935 249 3003 1,
275 2935 313 2992 14
337 2933 393 3006 (=·-
404 2947 434 2993 v.
457 2933 550 3007 360:
574 2934 626 2994 Set
648 2934 731 2993 lubet
753 2933 831 2992 seire
854 2943 995 3008 quantum
1018 2952 1120 2993 aurum
1145 2949 1213 2993 erus
1237 2932 1294 2992 sibi

138 3028 277 3102 Dempstt
299 3037 330 3089 et
353 3031 422 3104 quid
447 3047 499 3090 suo
522 3029 652 3089 reddidit
669 3032 758 3104 patri.
779 3027 835 3098 IV,
859 3033 888 3108 V,
912 3032 965 3092 32:
989 3031 1056 3107 Dic,
1080 3047 1138 3105 quo
1161 3033 1190 3088 in
1214 3031 1301 3104 peri*

140 3128 217 3188 oloet
237 3145 321 3188 meus
344 3128 548 3188 Mnesilochus
570 3127 673 3187 filius?
694 3131 745 3190 est
766 3124 976 3206 interrogatio
993 3129 1089 3190 recta.
1119 3124 1174 3203 IV,
1192 3129 1222 3202 8,
1239 3129 1300 3188 6οι

141 3227 217 3286 visse
234 3229 314 3286 estne
338 3226 389 3300 ibi,
405 3242 435 3289 v.
450 3220 572 3287 Acidal.
597 3221 757 3304 (=situc).
780 3223 897 3289 Bacch.
921 3241 950 3288 v.
979 3228 1073 3288 1130:
1096 3225 1190 3283 Videu
1207 3222 1294 3287 limu-

139 3324 185 3398 iis,
211 3339 348 3397 opsecro,
373 3328 405 3382 nt
426 3327 587 3383 contuetur.
632 3319 759 3400 Fragm.
781 3320 895 3385 Bacch.
920 3340 951 3401 p.
968 3325 1041 3399 488,
1057 3339 1087 3384 v.
1109 3326 1160 3385 17:
1185 3324 1294 3382 Videas

141 3421 290 3481 mercedis
314 3421 383 3496 quid
407 3421 491 3480 tibist
511 3435 636 3494 aequom
661 3421 734 3480 dari.
772 3417 866 3481 Most.
891 3418 916 3496 Ι,
941 3424 970 3498 2,
988 3424 1041 3481 70:
1066 3438 1152 3495 quom
1178 3423 1239 3480 scio
1263 3425 1296 3478 ut

140 3535 218 3578 nunc
234 3535 301 3578 sum
317 3526 404 3593 atque
421 3525 453 3578 ut
468 3517 523 3589 fut
547 3515 589 3595 ΙΙ,
607 3521 635 3596 2,
653 3519 709 3580 28:
731 3536 788 3577 non
810 3526 910 3593 potest
934 3519 1012 3591 Dici,
1035 3535 1121 3593 qnam
1146 3519 1296 3590 indiguum

140 3614 258 3676 facinus
274 3615 377 3687 fecisti.
400 3613 443 3694 11,
460 3620 490 3695 2,
513 3619 567 3678 41:
592 3617 870 3690 circumspicedurn,
893 3618 1029 3690 numquis
1051 3619 1101 3684 est,
1124 3617 1300 3675 Sermonem

140 3721 275 3774 nostrum
308 3717 357 3788 qui
389 3719 526 3788 aucupet.
557 3709 617 3790 ΙΙΙ,
645 3717 673 3790 2,
700 3715 777 3774 125;
807 3731 864 3772 uon
889 3714 970 3774 vides
994 3719 1025 3782 tu
1048 3714 1125 3774 hunc
1149 3716 1229 3773 voltu
1253 3713 1297 3771 oti

140 3811 252 3870 tristist
273 3811 389 3870 senex?
410 3828 438 3873 v.
465 3812 540 3872 145:
564 3815 668 3892 specta
691 3826 777 3884 quam
800 3819 864 3869 arte
887 3810 1045 3870 dormtum.
1069 3826 1097 3871 v.
1127 3813 1201 3872 146:
1224 3810 1297 3869 Illut

142 3909 272 3982 quidem,
296 3913 330 3968 ut
352 3908 494 3975 coniuent,
517 3908 594 3968 volni
619 3907 727 3968 dicere.
772 3904 867 3969 Most.
892 3923 921 3969 v.
945 3909 1024 3969 877:
1056 3908 1124 3967 Scio
1148 3925 1204 3982 quo
1227 3925 1296 3981 pro·

139 4023 239 4082 peras.
264 4001 320 4081 IV,
345 4009 373 4082 2,
398 4009 434 4068 5:
458 4007 533 4065 Vide
557 4005 642 4064 simia
664 4012 696 4064 ut
725 4003 899 4076 fastidite.
924 4007 979 4066 53:
1005 4007 1072 4064 Scio
1095 4022 1152 4079 qua
1174 4021 1220 4062 me
1253 4005 1296 4062 irc

139 4094 263 4166 operer.
312 4087 368 4166 IV,
392 4093 420 4166 3,
443 4093 498 4152 46:
522 4091 576 4148 tibi
599 4105 770 4162 narravero,
795 4090 867 4161 Quis
890 4107 936 4147 me
960 4091 1046 4148 hodie
1070 4091 1216 4162 exemplis
1245 4089 1297 4147 illc

139 4189 316 4262 ludificatam
338 4191 387 4248 cst.
414 4185 451 4264 V,
475 4189 583 4262 2,›50:
608 4187 694 4246 viden
716 4193 750 4245 ut
772 4190 852 4246 astat
873 4185 1017 4245 furcifer?
1040 4179 1122 4247 Men.
1148 4183 1172 4261 1,
1197 4187 1225 4259 3,
1243 4185 1302 4245 24:
