<?xml version="1.0" encoding="UTF-8"?>
<!DOCTYPE html PUBLIC "-//W3C//DTD XHTML 1.0 Transitional//EN"
    "http://www.w3.org/TR/xhtml1/DTD/xhtml1-transitional.dtd">
<html xmlns="http://www.w3.org/1999/xhtml" xml:lang="en" lang="en">
 <head>
  <title>
</title>
<meta http-equiv="Content-Type" content="text/html;charset=utf-8" />
  <meta name='ocr-system' content='tesseract 3.04.00' />
  <meta name='ocr-capabilities' content='ocr_page ocr_carea ocr_par ocr_line ocrx_word'/>
</head>
<body>
  <div class='ocr_page' id='page_1' title='image "./syntaxispriscor02holtgoog_0065.png"; bbox 0 0 3090 4768; ppageno 0'>
   <div class='ocr_carea' id='block_1_1' title="bbox 206 157 907 224">
    <p class='ocr_par' dir='ltr' id='par_1_1' title="bbox 206 157 907 224">
     <span class='ocr_line' id='line_1_1' title="bbox 206 157 907 224; baseline 0.003 -27"><span class='ocrx_word' id='word_1_1' title='bbox 206 164 247 224; x_wconf 67' lang='grc'>46</span> <span class='ocrx_word' id='word_1_2' title='bbox 649 157 775 197; x_wconf 76' lang='lat' dir='ltr'>VERBUM.</span> <span class='ocrx_word' id='word_1_3' title='bbox 804 158 866 200; x_wconf 77' lang='lat' dir='ltr'>CAP.</span> <span class='ocrx_word' id='word_1_4' title='bbox 881 159 907 200; x_wconf 82' lang='lat' dir='ltr'>X.</span> 
     </span>
    </p>
   </div>
   <div class='ocr_carea' id='block_1_2' title="bbox 165 343 1360 4240">
    <p class='ocr_par' dir='ltr' id='par_1_2' title="bbox 165 343 1360 4240">
     <span class='ocr_line' id='line_1_2' title="bbox 206 343 1360 428; baseline 0.001 -20"><span class='ocrx_word' id='word_1_5' title='bbox 206 344 392 424; x_wconf 87' lang='lat' dir='ltr'>improbata</span> <span class='ocrx_word' id='word_1_6' title='bbox 414 343 513 410; x_wconf 93' lang='lat' dir='ltr'>Pottii</span> <span class='ocrx_word' id='word_1_7' title='bbox 536 346 680 424; x_wconf 86' lang='lat' dir='ltr'>quamvis</span> <span class='ocrx_word' id='word_1_8' title='bbox 702 352 796 410; x_wconf 85' lang='lat' dir='ltr'>acute</span> <span class='ocrx_word' id='word_1_9' title='bbox 820 347 1001 427; x_wconf 84' lang='lat' dir='ltr'>excogitata</span> <span class='ocrx_word' id='word_1_10' title='bbox 1025 347 1196 426; x_wconf 88' lang='lat' dir='ltr'>sententia,</span> <span class='ocrx_word' id='word_1_11' title='bbox 1220 346 1273 425; x_wconf 87' lang='lat' dir='ltr'>qui</span> <span class='ocrx_word' id='word_1_12' title='bbox 1297 346 1360 428; x_wconf 83' lang='lat' dir='ltr'>syl-</span> 
     </span>
     <span class='ocr_line' id='line_1_3' title="bbox 206 439 1358 534; baseline 0.002 -29"><span class='ocrx_word' id='word_1_13' title='bbox 206 441 311 511; x_wconf 85' lang='lat' dir='ltr'>labam</span> <span class='ocrx_word' id='word_1_14' title='bbox 336 439 449 512; x_wconf 82' lang='lat' dir='ltr'>suffixo</span> <span class='ocrx_word' id='word_1_15' title='bbox 472 446 527 534; x_wconf 78' lang='lat' dir='ltr'>dus</span> <span class='ocrx_word' id='word_1_16' title='bbox 549 443 791 508; x_wconf 82' lang='lat' dir='ltr'>antecedentem</span> <span class='ocrx_word' id='word_1_17' title='bbox 820 463 858 508; x_wconf 82' lang='lat' dir='ltr'>ex</span> <span class='ocrx_word' id='word_1_18' title='bbox 881 443 992 509; x_wconf 84' lang='lat' dir='ltr'>suffixo</span> <span class='ocrx_word' id='word_1_19' title='bbox 1016 464 1090 524; x_wconf 82' lang='lat' dir='ltr'>aaa,</span> <span class='ocrx_word' id='word_1_20' title='bbox 1118 445 1202 524; x_wconf 89' lang='lat' dir='ltr'>quod</span> <span class='ocrx_word' id='word_1_21' title='bbox 1226 444 1358 509; x_wconf 86' lang='lat' dir='ltr'>Germa·</span> 
     </span>
     <span class='ocr_line' id='line_1_4' title="bbox 205 536 1358 627; baseline 0.001 -23"><span class='ocrx_word' id='word_1_22' title='bbox 205 559 318 605; x_wconf 91' lang='lat' dir='ltr'>norum</span> <span class='ocrx_word' id='word_1_23' title='bbox 342 536 496 605; x_wconf 89' lang='lat' dir='ltr'>infinitivo</span> <span class='ocrx_word' id='word_1_24' title='bbox 519 541 672 621; x_wconf 85' lang='lat' dir='ltr'>originem</span> <span class='ocrx_word' id='word_1_25' title='bbox 697 539 836 621; x_wconf 81' lang='lat' dir='ltr'>dederit,</span> <span class='ocrx_word' id='word_1_26' title='bbox 865 543 1071 627; x_wconf 85' lang='lat' dir='ltr'>repetendam</span> <span class='ocrx_word' id='word_1_27' title='bbox 1094 559 1164 606; x_wconf 87' lang='lat' dir='ltr'>esse</span> <span class='ocrx_word' id='word_1_28' title='bbox 1188 542 1358 623; x_wconf 81' lang='lat' dir='ltr'>existimat,</span> 
     </span>
     <span class='ocr_line' id='line_1_5' title="bbox 206 637 1358 719; baseline -0.001 -15"><span class='ocrx_word' id='word_1_29' title='bbox 206 639 250 704; x_wconf 86' lang='lat' dir='ltr'>sic</span> <span class='ocrx_word' id='word_1_30' title='bbox 277 639 385 718; x_wconf 88' lang='lat' dir='ltr'>pergit</span> <span class='ocrx_word' id='word_1_31' title='bbox 416 640 570 719; x_wconf 85' lang='lat' dir='ltr'>(p.106):</span> <span class='ocrx_word' id='word_1_32' title='bbox 612 638 663 718; x_wconf 84' lang='lat' dir='ltr'>„Si</span> <span class='ocrx_word' id='word_1_33' title='bbox 693 638 859 719; x_wconf 86' lang='lat' dir='ltr'>probabile</span> <span class='ocrx_word' id='word_1_34' title='bbox 886 647 935 704; x_wconf 89' lang='lat' dir='ltr'>est</span> <span class='ocrx_word' id='word_1_35' title='bbox 963 637 1110 704; x_wconf 88' lang='lat' dir='ltr'>suffixum</span> <span class='ocrx_word' id='word_1_36' title='bbox 1137 642 1194 704; x_wconf 80' lang='lat' dir='ltr'>das</span> <span class='ocrx_word' id='word_1_37' title='bbox 1217 638 1358 704; x_wconf 89' lang='lat' dir='ltr'>indicare</span> 
     </span>
     <span class='ocr_line' id='line_1_6' title="bbox 206 732 1359 818; baseline 0.003 -20"><span class='ocrx_word' id='word_1_38' title='bbox 206 735 392 816; x_wconf 77' lang='lat' dir='ltr'>facientem,</span> <span class='ocrx_word' id='word_1_39' title='bbox 416 732 614 814; x_wconf 86' lang='lat' dir='ltr'>efficientem,</span> <span class='ocrx_word' id='word_1_40' title='bbox 637 743 899 816; x_wconf 82' lang='lat' dir='ltr'>commoventem,</span> <span class='ocrx_word' id='word_1_41' title='bbox 923 744 1102 818; x_wconf 90' lang='lat' dir='ltr'>ponentem,</span> <span class='ocrx_word' id='word_1_42' title='bbox 1125 737 1188 800; x_wconf 92' lang='lat' dir='ltr'>iam</span> <span class='ocrx_word' id='word_1_43' title='bbox 1211 737 1270 802; x_wconf 92' lang='lat' dir='ltr'>hoc</span> <span class='ocrx_word' id='word_1_44' title='bbox 1293 756 1359 802; x_wconf 92' lang='lat' dir='ltr'>ma-</span> 
     </span>
     <span class='ocr_line' id='line_1_7' title="bbox 204 833 1358 916; baseline 0.001 -19"><span class='ocrx_word' id='word_1_45' title='bbox 204 835 288 898; x_wconf 85' lang='lat' dir='ltr'>xime</span> <span class='ocrx_word' id='word_1_46' title='bbox 311 835 495 914; x_wconf 85' lang='lat' dir='ltr'>requiritur,</span> <span class='ocrx_word' id='word_1_47' title='bbox 519 841 555 898; x_wconf 89' lang='lat' dir='ltr'>nt</span> <span class='ocrx_word' id='word_1_48' title='bbox 577 835 609 898; x_wconf 91' lang='lat' dir='ltr'>id</span> <span class='ocrx_word' id='word_1_49' title='bbox 631 835 716 914; x_wconf 91' lang='lat' dir='ltr'>quod</span> <span class='ocrx_word' id='word_1_50' title='bbox 738 835 778 897; x_wconf 91' lang='lat' dir='ltr'>ab</span> <span class='ocrx_word' id='word_1_51' title='bbox 801 853 839 898; x_wconf 87' lang='lat' dir='ltr'>eo</span> <span class='ocrx_word' id='word_1_52' title='bbox 860 833 1017 900; x_wconf 85' lang='lat' dir='ltr'>efficiatur</span> <span class='ocrx_word' id='word_1_53' title='bbox 1031 841 1107 916; x_wconf 91' lang='lat' dir='ltr'>apta</span> <span class='ocrx_word' id='word_1_54' title='bbox 1121 835 1245 898; x_wconf 86' lang='lat' dir='ltr'>ratione</span> <span class='ocrx_word' id='word_1_55' title='bbox 1261 834 1358 916; x_wconf 86' lang='lat' dir='ltr'>signi-</span> 
     </span>
     <span class='ocr_line' id='line_1_8' title="bbox 206 923 1360 1012; baseline 0.002 -18"><span class='ocrx_word' id='word_1_56' title='bbox 206 929 328 997; x_wconf 89' lang='lat' dir='ltr'>ficetur.</span> <span class='ocrx_word' id='word_1_57' title='bbox 351 932 402 995; x_wconf 88' lang='lat' dir='ltr'>Ad</span> <span class='ocrx_word' id='word_1_58' title='bbox 424 931 457 995; x_wconf 92' lang='lat' dir='ltr'>id</span> <span class='ocrx_word' id='word_1_59' title='bbox 480 936 586 996; x_wconf 89' lang='lat' dir='ltr'>autem</span> <span class='ocrx_word' id='word_1_60' title='bbox 609 932 687 996; x_wconf 88' lang='lat' dir='ltr'>nibil</span> <span class='ocrx_word' id='word_1_61' title='bbox 706 937 775 996; x_wconf 88' lang='lat' dir='ltr'>erat</span> <span class='ocrx_word' id='word_1_62' title='bbox 791 923 1059 998; x_wconf 88' lang='lat' dir='ltr'>accommodatius</span> <span class='ocrx_word' id='word_1_63' title='bbox 1076 950 1169 1012; x_wconf 88' lang='lat' dir='ltr'>quam</span> <span class='ocrx_word' id='word_1_64' title='bbox 1185 933 1360 998; x_wconf 83' lang='lat' dir='ltr'>accusativi</span> 
     </span>
     <span class='ocr_line' id='line_1_9' title="bbox 203 1027 1359 1110; baseline -0.001 -18"><span class='ocrx_word' id='word_1_65' title='bbox 203 1027 306 1093; x_wconf 88' lang='lat' dir='ltr'>forma</span> <span class='ocrx_word' id='word_1_66' title='bbox 334 1031 374 1096; x_wconf 92' lang='lat' dir='ltr'>ad</span> <span class='ocrx_word' id='word_1_67' title='bbox 397 1048 491 1110; x_wconf 89' lang='lat' dir='ltr'>quam</span> <span class='ocrx_word' id='word_1_68' title='bbox 514 1031 569 1092; x_wconf 81' lang='lat' dir='ltr'>dus</span> <span class='ocrx_word' id='word_1_69' title='bbox 591 1029 668 1094; x_wconf 91' lang='lat' dir='ltr'>illud</span> <span class='ocrx_word' id='word_1_70' title='bbox 692 1030 872 1108; x_wconf 85' lang='lat' dir='ltr'>adderetur.</span> <span class='ocrx_word' id='word_1_71' title='bbox 888 1065 931 1074; x_wconf 61' lang='lat'>=-</span> <span class='ocrx_word' id='word_1_72' title='bbox 951 1031 1065 1095; x_wconf 82' lang='lat' dir='ltr'>Nescio</span> <span class='ocrx_word' id='word_1_73' title='bbox 1088 1049 1129 1094; x_wconf 86' lang='lat' dir='ltr'>an</span> <span class='ocrx_word' id='word_1_74' title='bbox 1149 1031 1212 1094; x_wconf 89' lang='lat' dir='ltr'>illis</span> <span class='ocrx_word' id='word_1_75' title='bbox 1234 1051 1277 1092; x_wconf 81' lang='lat' dir='ltr'>aa</span> <span class='ocrx_word' id='word_1_76' title='bbox 1300 1033 1359 1108; x_wconf 72' lang='lat' dir='ltr'>(cla</span> 
     </span>
     <span class='ocr_line' id='line_1_10' title="bbox 205 1127 1358 1208; baseline 0.003 -18"><span class='ocrx_word' id='word_1_77' title='bbox 205 1130 272 1204; x_wconf 74' lang='lat' dir='ltr'>(ola</span> <span class='ocrx_word' id='word_1_78' title='bbox 294 1127 375 1208; x_wconf 85' lang='lat' dir='ltr'>qua&#39;e</span> <span class='ocrx_word' id='word_1_79' title='bbox 398 1129 431 1191; x_wconf 95' lang='lat' dir='ltr'>in</span> <span class='ocrx_word' id='word_1_80' title='bbox 453 1128 621 1208; x_wconf 88' lang='lat' dir='ltr'>participio</span> <span class='ocrx_word' id='word_1_81' title='bbox 646 1133 679 1191; x_wconf 91' lang='lat' dir='ltr'>et</span> <span class='ocrx_word' id='word_1_82' title='bbox 701 1129 856 1208; x_wconf 88' lang='lat' dir='ltr'>gerundia</span> <span class='ocrx_word' id='word_1_83' title='bbox 873 1129 1016 1193; x_wconf 88' lang='lat' dir='ltr'>videmus</span> <span class='ocrx_word' id='word_1_84' title='bbox 1038 1129 1078 1192; x_wconf 86' lang='lat' dir='ltr'>ad</span> <span class='ocrx_word' id='word_1_85' title='bbox 1094 1129 1232 1193; x_wconf 85' lang='lat' dir='ltr'>radicem</span> <span class='ocrx_word' id='word_1_86' title='bbox 1248 1128 1358 1193; x_wconf 88' lang='lat' dir='ltr'>addita</span> 
     </span>
     <span class='ocr_line' id='line_1_11' title="bbox 204 1223 1356 1306; baseline -0.001 -15"><span class='ocrx_word' id='word_1_87' title='bbox 204 1223 377 1291; x_wconf 86' lang='lat' dir='ltr'>accusativi</span> <span class='ocrx_word' id='word_1_88' title='bbox 400 1227 581 1291; x_wconf 87' lang='lat' dir='ltr'>indicentur</span> <span class='ocrx_word' id='word_1_89' title='bbox 601 1227 762 1291; x_wconf 87' lang='lat' dir='ltr'>nominum</span> <span class='ocrx_word' id='word_1_90' title='bbox 783 1229 1027 1306; x_wconf 84' lang='lat' dir='ltr'>abstractarum,</span> <span class='ocrx_word' id='word_1_91' title='bbox 1051 1225 1157 1306; x_wconf 86' lang='lat' dir='ltr'>qualia</span> <span class='ocrx_word' id='word_1_92' title='bbox 1178 1233 1253 1290; x_wconf 89' lang='lat' dir='ltr'>sunt</span> <span class='ocrx_word' id='word_1_93' title='bbox 1269 1244 1356 1306; x_wconf 90' lang='lat' dir='ltr'>cura,</span> 
     </span>
     <span class='ocr_line' id='line_1_12' title="bbox 203 1322 1357 1405; baseline 0.001 -18"><span class='ocrx_word' id='word_1_94' title='bbox 203 1325 292 1388; x_wconf 90' lang='lat' dir='ltr'>iocus</span> <span class='ocrx_word' id='word_1_95' title='bbox 315 1324 385 1402; x_wconf 90' lang='lat' dir='ltr'>all.;</span> <span class='ocrx_word' id='word_1_96' title='bbox 409 1325 524 1404; x_wconf 90' lang='lat' dir='ltr'>quibus</span> <span class='ocrx_word' id='word_1_97' title='bbox 548 1324 632 1388; x_wconf 87' lang='lat' dir='ltr'>actio</span> <span class='ocrx_word' id='word_1_98' title='bbox 655 1325 725 1404; x_wconf 90' lang='lat' dir='ltr'>ipsa</span> <span class='ocrx_word' id='word_1_99' title='bbox 747 1322 953 1405; x_wconf 84' lang='lat' dir='ltr'>significatur.</span> <span class='ocrx_word' id='word_1_100' title='bbox 999 1324 1153 1388; x_wconf 85' lang='lat' dir='ltr'>Ultimum</span> <span class='ocrx_word' id='word_1_101' title='bbox 1173 1330 1281 1388; x_wconf 89' lang='lat' dir='ltr'>autem</span> <span class='ocrx_word' id='word_1_102' title='bbox 1304 1343 1357 1388; x_wconf 90' lang='lat' dir='ltr'>ac-</span> 
     </span>
     <span class='ocr_line' id='line_1_13' title="bbox 205 1421 1357 1502; baseline 0.001 -16"><span class='ocrx_word' id='word_1_103' title='bbox 205 1421 339 1486; x_wconf 88' lang='lat' dir='ltr'>cusativi</span> <span class='ocrx_word' id='word_1_104' title='bbox 367 1422 560 1485; x_wconf 90' lang='lat' dir='ltr'>elementum</span> <span class='ocrx_word' id='word_1_105' title='bbox 590 1439 653 1485; x_wconf 93' lang='lat' dir='ltr'>non</span> <span class='ocrx_word' id='word_1_106' title='bbox 680 1427 754 1502; x_wconf 90' lang='lat' dir='ltr'>apte</span> <span class='ocrx_word' id='word_1_107' title='bbox 778 1427 905 1502; x_wconf 86' lang='lat' dir='ltr'>poterat</span> <span class='ocrx_word' id='word_1_108' title='bbox 928 1422 1063 1500; x_wconf 89' lang='lat' dir='ltr'>servari,</span> <span class='ocrx_word' id='word_1_109' title='bbox 1093 1421 1149 1484; x_wconf 85' lang='lat' dir='ltr'>aed</span> <span class='ocrx_word' id='word_1_110' title='bbox 1172 1422 1263 1499; x_wconf 87' lang='lat' dir='ltr'>utin</span> <span class='ocrx_word' id='word_1_111' title='bbox 1286 1421 1357 1487; x_wconf 87' lang='lat' dir='ltr'>aliis</span> 
     </span>
     <span class='ocr_line' id='line_1_14' title="bbox 203 1517 1358 1599; baseline 0.003 -18"><span class='ocrx_word' id='word_1_112' title='bbox 203 1519 310 1584; x_wconf 86' lang='lat' dir='ltr'>verbis</span> <span class='ocrx_word' id='word_1_113' title='bbox 332 1517 450 1583; x_wconf 84' lang='lat' dir='ltr'>iactum</span> <span class='ocrx_word' id='word_1_114' title='bbox 472 1519 628 1598; x_wconf 68' lang='lat' dir='ltr'>videmus</span> <span class='ocrx_word' id='word_1_115' title='bbox 651 1537 728 1583; x_wconf 90' lang='lat' dir='ltr'>sono</span> <span class='ocrx_word' id='word_1_116' title='bbox 750 1518 820 1599; x_wconf 88' lang='lat' dir='ltr'>ipso</span> <span class='ocrx_word' id='word_1_117' title='bbox 835 1519 1012 1588; x_wconf 85' lang='lat' dir='ltr'>iubentein</span> <span class='ocrx_word' id='word_1_118' title='bbox 1028 1537 1096 1583; x_wconf 90' lang='lat' dir='ltr'>earn</span> <span class='ocrx_word' id='word_1_119' title='bbox 1112 1519 1246 1597; x_wconf 87' lang='lat' dir='ltr'>literam,</span> <span class='ocrx_word' id='word_1_120' title='bbox 1263 1536 1358 1598; x_wconf 88' lang='lat' dir='ltr'>quam</span> 
     </span>
     <span class='ocr_line' id='line_1_15' title="bbox 204 1615 1355 1702; baseline 0.001 -22"><span class='ocrx_word' id='word_1_121' title='bbox 204 1634 285 1696; x_wconf 88' lang='lat' dir='ltr'>quae</span> <span class='ocrx_word' id='word_1_122' title='bbox 305 1617 451 1702; x_wconf 82' lang='lat' dir='ltr'>sequitur</span> <span class='ocrx_word' id='word_1_123' title='bbox 473 1619 491 1676; x_wconf 90' lang='lat' dir='ltr'>d</span> <span class='ocrx_word' id='word_1_124' title='bbox 513 1615 707 1696; x_wconf 90' lang='lat' dir='ltr'>postulabat,</span> <span class='ocrx_word' id='word_1_125' title='bbox 731 1623 802 1681; x_wconf 89' lang='lat' dir='ltr'>crat</span> <span class='ocrx_word' id='word_1_126' title='bbox 823 1618 988 1681; x_wconf 85' lang='lat' dir='ltr'>mutanda:</span> <span class='ocrx_word' id='word_1_127' title='bbox 1012 1615 1100 1694; x_wconf 81' lang='lat' dir='ltr'>Quae</span> <span class='ocrx_word' id='word_1_128' title='bbox 1123 1616 1150 1679; x_wconf 91' lang='lat' dir='ltr'>si</span> <span class='ocrx_word' id='word_1_129' title='bbox 1172 1635 1249 1680; x_wconf 89' lang='lat' dir='ltr'>vera</span> <span class='ocrx_word' id='word_1_130' title='bbox 1271 1621 1355 1695; x_wconf 89' lang='lat' dir='ltr'>sunt,</span> 
     </span>
     <span class='ocr_line' id='line_1_16' title="bbox 203 1712 1356 1794; baseline 0 -16"><span class='ocrx_word' id='word_1_131' title='bbox 203 1712 337 1778; x_wconf 82' lang='lat' dir='ltr'>formam</span> <span class='ocrx_word' id='word_1_132' title='bbox 360 1714 523 1789; x_wconf 87' lang='lat' dir='ltr'>babemus,</span> <span class='ocrx_word' id='word_1_133' title='bbox 547 1731 610 1793; x_wconf 90' lang='lat' dir='ltr'>qua</span> <span class='ocrx_word' id='word_1_134' title='bbox 632 1732 685 1778; x_wconf 91' lang='lat' dir='ltr'>res</span> <span class='ocrx_word' id='word_1_135' title='bbox 706 1715 876 1794; x_wconf 89' lang='lat' dir='ltr'>indicatur,</span> <span class='ocrx_word' id='word_1_136' title='bbox 900 1733 981 1794; x_wconf 89' lang='lat' dir='ltr'>quae</span> <span class='ocrx_word' id='word_1_137' title='bbox 1004 1713 1160 1778; x_wconf 85' lang='lat' dir='ltr'>actionem</span> <span class='ocrx_word' id='word_1_138' title='bbox 1184 1714 1281 1778; x_wconf 91' lang='lat' dir='ltr'>verbo</span> <span class='ocrx_word' id='word_1_139' title='bbox 1304 1733 1356 1778; x_wconf 91' lang='lat' dir='ltr'>ra-</span> 
     </span>
     <span class='ocr_line' id='line_1_17' title="bbox 203 1809 1354 1892; baseline -0.002 -16"><span class='ocrx_word' id='word_1_140' title='bbox 203 1811 297 1876; x_wconf 88' lang='lat' dir='ltr'>dicali</span> <span class='ocrx_word' id='word_1_141' title='bbox 324 1813 376 1876; x_wconf 81' lang='lat' dir='ltr'>vel</span> <span class='ocrx_word' id='word_1_142' title='bbox 408 1813 607 1876; x_wconf 85' lang='lat' dir='ltr'>substantivo</span> <span class='ocrx_word' id='word_1_143' title='bbox 634 1809 741 1892; x_wconf 89' lang='lat' dir='ltr'>potius</span> <span class='ocrx_word' id='word_1_144' title='bbox 771 1812 845 1876; x_wconf 90' lang='lat' dir='ltr'>inde</span> <span class='ocrx_word' id='word_1_145' title='bbox 878 1813 962 1876; x_wconf 89' lang='lat' dir='ltr'>dicto</span> <span class='ocrx_word' id='word_1_146' title='bbox 991 1809 1199 1892; x_wconf 86' lang='lat' dir='ltr'>significatam</span> <span class='ocrx_word' id='word_1_147' title='bbox 1228 1810 1354 1876; x_wconf 86' lang='lat' dir='ltr'>efficiat.</span> 
     </span>
     <span class='ocr_line' id='line_1_18' title="bbox 202 1908 1354 1991; baseline -0.001 -18"><span class='ocrx_word' id='word_1_148' title='bbox 202 1910 302 1989; x_wconf 85' lang='lat' dir='ltr'>quue</span> <span class='ocrx_word' id='word_1_149' title='bbox 334 1909 393 1990; x_wconf 87' lang='lat' dir='ltr'>uel</span> <span class='ocrx_word' id='word_1_150' title='bbox 407 1911 541 1974; x_wconf 89' lang='lat' dir='ltr'>maxime</span> <span class='ocrx_word' id='word_1_151' title='bbox 564 1909 603 1973; x_wconf 89' lang='lat' dir='ltr'>iis</span> <span class='ocrx_word' id='word_1_152' title='bbox 632 1909 795 1974; x_wconf 88' lang='lat' dir='ltr'>adiectivis</span> <span class='ocrx_word' id='word_1_153' title='bbox 820 1908 1040 1988; x_wconf 85' lang='lat' dir='ltr'>confirmatur,</span> <span class='ocrx_word' id='word_1_154' title='bbox 1070 1927 1151 1990; x_wconf 87' lang='lat' dir='ltr'>quae</span> <span class='ocrx_word' id='word_1_155' title='bbox 1184 1909 1216 1974; x_wconf 91' lang='lat' dir='ltr'>in</span> <span class='ocrx_word' id='word_1_156' title='bbox 1239 1913 1354 1991; x_wconf 85' lang='lat' dir='ltr'>bundus</span> 
     </span>
     <span class='ocr_line' id='line_1_19' title="bbox 203 2006 1355 2088; baseline -0.003 -15"><span class='ocrx_word' id='word_1_157' title='bbox 203 2015 236 2073; x_wconf 90' lang='lat' dir='ltr'>et</span> <span class='ocrx_word' id='word_1_158' title='bbox 259 2011 371 2070; x_wconf 82' lang='lat' dir='ltr'>condus</span> <span class='ocrx_word' id='word_1_159' title='bbox 396 2013 523 2086; x_wconf 86' lang='lat' dir='ltr'>exeunt,</span> <span class='ocrx_word' id='word_1_160' title='bbox 546 2006 660 2086; x_wconf 90' lang='lat' dir='ltr'>quibus</span> <span class='ocrx_word' id='word_1_161' title='bbox 683 2010 716 2071; x_wconf 88' lang='lat' dir='ltr'>et</span> <span class='ocrx_word' id='word_1_162' title='bbox 736 2012 864 2072; x_wconf 90' lang='lat' dir='ltr'>veteres</span> <span class='ocrx_word' id='word_1_163' title='bbox 886 2008 1031 2088; x_wconf 82' lang='lat' dir='ltr'>magistri</span> <span class='ocrx_word' id='word_1_164' title='bbox 1053 2013 1086 2070; x_wconf 88' lang='lat' dir='ltr'>ct</span> <span class='ocrx_word' id='word_1_165' title='bbox 1105 2007 1299 2071; x_wconf 84' lang='lat' dir='ltr'>recentiores</span> <span class='ocrx_word' id='word_1_166' title='bbox 1322 2007 1355 2070; x_wconf 93' lang='lat' dir='ltr'>id</span> 
     </span>
     <span class='ocr_line' id='line_1_20' title="bbox 202 2103 1354 2188; baseline -0.003 -19"><span class='ocrx_word' id='word_1_167' title='bbox 202 2105 360 2185; x_wconf 90' lang='lat' dir='ltr'>tribuant,</span> <span class='ocrx_word' id='word_1_168' title='bbox 389 2111 425 2169; x_wconf 89' lang='lat' dir='ltr'>ut</span> <span class='ocrx_word' id='word_1_169' title='bbox 446 2104 603 2170; x_wconf 90' lang='lat' dir='ltr'>actionem</span> <span class='ocrx_word' id='word_1_170' title='bbox 626 2105 798 2169; x_wconf 90' lang='lat' dir='ltr'>denotandi</span> <span class='ocrx_word' id='word_1_171' title='bbox 823 2107 885 2169; x_wconf 84' lang='lat' dir='ltr'>uim</span> <span class='ocrx_word' id='word_1_172' title='bbox 908 2104 1055 2168; x_wconf 90' lang='lat' dir='ltr'>habeant.</span> <span class='ocrx_word' id='word_1_173' title='bbox 1102 2103 1164 2168; x_wconf 84' lang='lat' dir='ltr'>Sed</span> <span class='ocrx_word' id='word_1_174' title='bbox 1188 2123 1259 2188; x_wconf 89' lang='lat' dir='ltr'>cum</span> <span class='ocrx_word' id='word_1_175' title='bbox 1281 2121 1354 2168; x_wconf 90' lang='lat' dir='ltr'>ver-</span> 
     </span>
     <span class='ocr_line' id='line_1_21' title="bbox 202 2202 1356 2284; baseline -0.003 -16"><span class='ocrx_word' id='word_1_176' title='bbox 202 2204 277 2268; x_wconf 91' lang='lat' dir='ltr'>bum</span> <span class='ocrx_word' id='word_1_177' title='bbox 307 2207 378 2266; x_wconf 87' lang='lat' dir='ltr'>dare</span> <span class='ocrx_word' id='word_1_178' title='bbox 408 2222 446 2268; x_wconf 87' lang='lat' dir='ltr'>ea</span> <span class='ocrx_word' id='word_1_179' title='bbox 469 2203 513 2283; x_wconf 90' lang='lat' dir='ltr'>vi,</span> <span class='ocrx_word' id='word_1_180' title='bbox 544 2216 606 2282; x_wconf 85' lang='lat' dir='ltr'>qua</span> <span class='ocrx_word' id='word_1_181' title='bbox 637 2204 771 2268; x_wconf 77' lang='lat' dir='ltr'>laciendi</span> <span class='ocrx_word' id='word_1_182' title='bbox 793 2204 844 2268; x_wconf 89' lang='lat' dir='ltr'>vel</span> <span class='ocrx_word' id='word_1_183' title='bbox 872 2202 1009 2284; x_wconf 89' lang='lat' dir='ltr'>ponendi</span> <span class='ocrx_word' id='word_1_184' title='bbox 1038 2202 1136 2267; x_wconf 86' lang='lat' dir='ltr'>habet</span> <span class='ocrx_word' id='word_1_185' title='bbox 1161 2206 1356 2282; x_wconf 87' lang='lat' dir='ltr'>potestatem</span> 
     </span>
     <span class='ocr_line' id='line_1_22' title="bbox 202 2299 1353 2383; baseline -0.003 -17"><span class='ocrx_word' id='word_1_186' title='bbox 202 2318 264 2366; x_wconf 91' lang='lat' dir='ltr'>non</span> <span class='ocrx_word' id='word_1_187' title='bbox 294 2301 327 2364; x_wconf 93' lang='lat' dir='ltr'>iu</span> <span class='ocrx_word' id='word_1_188' title='bbox 352 2300 453 2366; x_wconf 87' lang='lat' dir='ltr'>latina</span> <span class='ocrx_word' id='word_1_189' title='bbox 480 2305 602 2365; x_wconf 91' lang='lat' dir='ltr'>tantum</span> <span class='ocrx_word' id='word_1_190' title='bbox 632 2301 756 2383; x_wconf 86' lang='lat' dir='ltr'>lingua,</span> <span class='ocrx_word' id='word_1_191' title='bbox 786 2302 895 2366; x_wconf 89' lang='lat' dir='ltr'>sedin</span> <span class='ocrx_word' id='word_1_192' title='bbox 918 2301 1032 2366; x_wconf 83' lang='lat' dir='ltr'>ceteris</span> <span class='ocrx_word' id='word_1_193' title='bbox 1057 2299 1211 2365; x_wconf 88' lang='lat' dir='ltr'>latissime</span> <span class='ocrx_word' id='word_1_194' title='bbox 1234 2304 1353 2379; x_wconf 89' lang='lat' dir='ltr'>pateat,</span> 
     </span>
     <span class='ocr_line' id='line_1_23' title="bbox 205 2396 1355 2479; baseline -0.003 -16"><span class='ocrx_word' id='word_1_195' title='bbox 205 2399 301 2465; x_wconf 90' lang='lat' dir='ltr'>etiam</span> <span class='ocrx_word' id='word_1_196' title='bbox 324 2398 471 2464; x_wconf 84' lang='lat' dir='ltr'>suffixum</span> <span class='ocrx_word' id='word_1_197' title='bbox 494 2402 558 2474; x_wconf 82' lang='lat' dir='ltr'>dus,</span> <span class='ocrx_word' id='word_1_198' title='bbox 582 2399 666 2479; x_wconf 89' lang='lat' dir='ltr'>quod</span> <span class='ocrx_word' id='word_1_199' title='bbox 690 2401 762 2464; x_wconf 90' lang='lat' dir='ltr'>inde</span> <span class='ocrx_word' id='word_1_200' title='bbox 785 2400 920 2476; x_wconf 87' lang='lat' dir='ltr'>ducitur,</span> <span class='ocrx_word' id='word_1_201' title='bbox 943 2399 975 2462; x_wconf 94' lang='lat' dir='ltr'>in</span> <span class='ocrx_word' id='word_1_202' title='bbox 995 2399 1101 2462; x_wconf 91' lang='lat' dir='ltr'>varios</span> <span class='ocrx_word' id='word_1_203' title='bbox 1117 2417 1194 2461; x_wconf 90' lang='lat' dir='ltr'>usus</span> <span class='ocrx_word' id='word_1_204' title='bbox 1211 2396 1355 2461; x_wconf 90' lang='lat' dir='ltr'>adhiberi</span> 
     </span>
     <span class='ocr_line' id='line_1_24' title="bbox 202 2493 1356 2577; baseline -0.003 -15"><span class='ocrx_word' id='word_1_205' title='bbox 202 2503 343 2577; x_wconf 90' lang='lat' dir='ltr'>poterat,</span> <span class='ocrx_word' id='word_1_206' title='bbox 366 2495 407 2562; x_wconf 70' lang='lat' dir='ltr'>&#39;et</span> <span class='ocrx_word' id='word_1_207' title='bbox 429 2497 480 2560; x_wconf 89' lang='lat' dir='ltr'>vel</span> <span class='ocrx_word' id='word_1_208' title='bbox 502 2497 535 2560; x_wconf 92' lang='lat' dir='ltr'>id</span> <span class='ocrx_word' id='word_1_209' title='bbox 557 2497 709 2560; x_wconf 87' lang='lat' dir='ltr'>denotare</span> <span class='ocrx_word' id='word_1_210' title='bbox 732 2498 816 2577; x_wconf 91' lang='lat' dir='ltr'>quod</span> <span class='ocrx_word' id='word_1_211' title='bbox 839 2499 995 2562; x_wconf 88' lang='lat' dir='ltr'>actionem</span> <span class='ocrx_word' id='word_1_212' title='bbox 1020 2495 1174 2574; x_wconf 84' lang='lat' dir='ltr'>efficeret,</span> <span class='ocrx_word' id='word_1_213' title='bbox 1197 2495 1247 2559; x_wconf 89' lang='lat' dir='ltr'>vel</span> <span class='ocrx_word' id='word_1_214' title='bbox 1269 2493 1356 2574; x_wconf 88' lang='lat' dir='ltr'>quod</span> 
     </span>
     <span class='ocr_line' id='line_1_25' title="bbox 202 2592 1353 2684; baseline -0.004 -26"><span class='ocrx_word' id='word_1_215' title='bbox 202 2613 272 2658; x_wconf 89' lang='lat' dir='ltr'>eam</span> <span class='ocrx_word' id='word_1_216' title='bbox 301 2594 483 2670; x_wconf 89' lang='lat' dir='ltr'>moliretur,</span> <span class='ocrx_word' id='word_1_217' title='bbox 516 2599 662 2684; x_wconf 89' lang='lat' dir='ltr'>pararet,</span> <span class='ocrx_word' id='word_1_218' title='bbox 696 2601 732 2658; x_wconf 90' lang='lat' dir='ltr'>ut</span> <span class='ocrx_word' id='word_1_219' title='bbox 762 2614 800 2659; x_wconf 89' lang='lat' dir='ltr'>ea</span> <span class='ocrx_word' id='word_1_220' title='bbox 826 2592 919 2659; x_wconf 90' lang='lat' dir='ltr'>fieret</span> <span class='ocrx_word' id='word_1_221' title='bbox 942 2613 1038 2659; x_wconf 88' lang='lat' dir='ltr'>causa</span> <span class='ocrx_word' id='word_1_222' title='bbox 1061 2598 1153 2658; x_wconf 86' lang='lat' dir='ltr'>esset.</span> <span class='ocrx_word' id='word_1_223' title='bbox 1199 2594 1247 2657; x_wconf 84' lang='lat' dir='ltr'>Ea</span> <span class='ocrx_word' id='word_1_224' title='bbox 1270 2593 1353 2656; x_wconf 83' lang='lat' dir='ltr'>enim</span> 
     </span>
     <span class='ocr_line' id='line_1_26' title="bbox 200 2689 1354 2771; baseline -0.003 -14"><span class='ocrx_word' id='word_1_225' title='bbox 200 2711 261 2770; x_wconf 85' lang='lat' dir='ltr'>rea,</span> <span class='ocrx_word' id='word_1_226' title='bbox 284 2709 366 2771; x_wconf 88' lang='lat' dir='ltr'>quae</span> <span class='ocrx_word' id='word_1_227' title='bbox 390 2692 510 2771; x_wconf 89' lang='lat' dir='ltr'>aliquid</span> <span class='ocrx_word' id='word_1_228' title='bbox 535 2689 660 2755; x_wconf 84' lang='lat' dir='ltr'>efficere</span> <span class='ocrx_word' id='word_1_229' title='bbox 685 2691 809 2771; x_wconf 91' lang='lat' dir='ltr'>dicitur,</span> <span class='ocrx_word' id='word_1_230' title='bbox 830 2711 892 2756; x_wconf 92' lang='lat' dir='ltr'>non</span> <span class='ocrx_word' id='word_1_231' title='bbox 915 2711 1046 2756; x_wconf 88' lang='lat' dir='ltr'>necesse</span> <span class='ocrx_word' id='word_1_232' title='bbox 1069 2697 1119 2756; x_wconf 87' lang='lat' dir='ltr'>est</span> <span class='ocrx_word' id='word_1_233' title='bbox 1140 2693 1210 2771; x_wconf 88' lang='lat' dir='ltr'>ipsa</span> <span class='ocrx_word' id='word_1_234' title='bbox 1233 2691 1265 2754; x_wconf 90' lang='lat' dir='ltr'>id</span> <span class='ocrx_word' id='word_1_235' title='bbox 1281 2709 1354 2768; x_wconf 90' lang='lat' dir='ltr'>per-</span> 
     </span>
     <span class='ocr_line' id='line_1_27' title="bbox 199 2787 1351 2871; baseline -0.002 -17"><span class='ocrx_word' id='word_1_236' title='bbox 199 2789 295 2870; x_wconf 86' lang='lat' dir='ltr'>ficiat,</span> <span class='ocrx_word' id='word_1_237' title='bbox 319 2790 375 2853; x_wconf 89' lang='lat' dir='ltr'>sed</span> <span class='ocrx_word' id='word_1_238' title='bbox 398 2797 434 2853; x_wconf 88' lang='lat' dir='ltr'>ut</span> <span class='ocrx_word' id='word_1_239' title='bbox 456 2787 512 2851; x_wconf 88' lang='lat' dir='ltr'>fiat</span> <span class='ocrx_word' id='word_1_240' title='bbox 534 2797 567 2852; x_wconf 92' lang='lat' dir='ltr'>et</span> <span class='ocrx_word' id='word_1_241' title='bbox 588 2789 815 2854; x_wconf 86' lang='lat' dir='ltr'>absolvendum</span> <span class='ocrx_word' id='word_1_242' title='bbox 839 2791 1031 2871; x_wconf 85' lang='lat' dir='ltr'>suscipiatur</span> <span class='ocrx_word' id='word_1_243' title='bbox 1052 2789 1228 2868; x_wconf 87' lang='lat' dir='ltr'>impellere,</span> <span class='ocrx_word' id='word_1_244' title='bbox 1253 2797 1285 2852; x_wconf 90' lang='lat' dir='ltr'>et</span> <span class='ocrx_word' id='word_1_245' title='bbox 1301 2789 1351 2852; x_wconf 86' lang='lat' dir='ltr'>val</span> 
     </span>
     <span class='ocr_line' id='line_1_28' title="bbox 199 2887 1352 2967; baseline -0.002 -17"><span class='ocrx_word' id='word_1_246' title='bbox 199 2887 304 2952; x_wconf 86' lang='lat' dir='ltr'>facere</span> <span class='ocrx_word' id='word_1_247' title='bbox 332 2892 440 2967; x_wconf 90' lang='lat' dir='ltr'>potest</span> <span class='ocrx_word' id='word_1_248' title='bbox 467 2890 537 2967; x_wconf 87' lang='lat' dir='ltr'>ipsa</span> <span class='ocrx_word' id='word_1_249' title='bbox 564 2888 615 2951; x_wconf 90' lang='lat' dir='ltr'>vel</span> <span class='ocrx_word' id='word_1_250' title='bbox 641 2887 809 2950; x_wconf 90' lang='lat' dir='ltr'>admittere</span> <span class='ocrx_word' id='word_1_251' title='bbox 840 2891 1006 2952; x_wconf 84' lang='lat' dir='ltr'>actionem.</span> <span class='ocrx_word' id='word_1_252' title='bbox 1050 2887 1164 2966; x_wconf 88' lang='lat' dir='ltr'>ltaque</span> <span class='ocrx_word' id='word_1_253' title='bbox 1192 2887 1352 2950; x_wconf 89' lang='lat' dir='ltr'>siveram</span> 
     </span>
     <span class='ocr_line' id='line_1_29' title="bbox 200 2985 1352 3073; baseline -0.003 -23"><span class='ocrx_word' id='word_1_254' title='bbox 200 2991 232 3050; x_wconf 92' lang='lat' dir='ltr'>et</span> <span class='ocrx_word' id='word_1_255' title='bbox 260 2986 398 3049; x_wconf 87' lang='lat' dir='ltr'>nativam</span> <span class='ocrx_word' id='word_1_256' title='bbox 429 2985 513 3050; x_wconf 90' lang='lat' dir='ltr'>illius</span> <span class='ocrx_word' id='word_1_257' title='bbox 541 2985 660 3072; x_wconf 74' lang='lat' dir='ltr'>formae</span> <span class='ocrx_word' id='word_1_258' title='bbox 692 2985 754 3048; x_wconf 91' lang='lat' dir='ltr'>vim</span> <span class='ocrx_word' id='word_1_259' title='bbox 783 2986 972 3064; x_wconf 85' lang='lat' dir='ltr'>respicimus</span> <span class='ocrx_word' id='word_1_260' title='bbox 1000 3003 1064 3048; x_wconf 89' lang='lat' dir='ltr'>non</span> <span class='ocrx_word' id='word_1_261' title='bbox 1093 3002 1261 3065; x_wconf 89' lang='lat' dir='ltr'>possumus</span> <span class='ocrx_word' id='word_1_262' title='bbox 1290 3002 1352 3073; x_wconf 91' lang='lat' dir='ltr'>non</span> 
     </span>
     <span class='ocr_line' id='line_1_30' title="bbox 200 3081 1351 3164; baseline 0 -20"><span class='ocrx_word' id='word_1_263' title='bbox 200 3088 328 3146; x_wconf 79' lang='lat' dir='ltr'>uotiuum</span> <span class='ocrx_word' id='word_1_264' title='bbox 360 3083 480 3162; x_wconf 91' lang='lat' dir='ltr'>dicere,</span> <span class='ocrx_word' id='word_1_265' title='bbox 514 3085 632 3163; x_wconf 88' lang='lat' dir='ltr'>quippe</span> <span class='ocrx_word' id='word_1_266' title='bbox 664 3083 966 3163; x_wconf 89' lang='lat' dir='ltr'>quaeprinciplum</span> <span class='ocrx_word' id='word_1_267' title='bbox 997 3083 1112 3164; x_wconf 87' lang='lat' dir='ltr'>agendi</span> <span class='ocrx_word' id='word_1_268' title='bbox 1147 3087 1179 3146; x_wconf 85' lang='lat' dir='ltr'>at</span> <span class='ocrx_word' id='word_1_269' title='bbox 1205 3083 1236 3145; x_wconf 88' lang='lat' dir='ltr'>id</span> <span class='ocrx_word' id='word_1_270' title='bbox 1267 3081 1351 3161; x_wconf 90' lang='lat' dir='ltr'>quod</span> 
     </span>
     <span class='ocr_line' id='line_1_31' title="bbox 198 3179 1351 3262; baseline -0.004 -16"><span class='ocrx_word' id='word_1_271' title='bbox 198 3183 356 3248; x_wconf 90' lang='lat' dir='ltr'>actionem</span> <span class='ocrx_word' id='word_1_272' title='bbox 380 3181 498 3256; x_wconf 86' lang='lat' dir='ltr'>efficiat</span> <span class='ocrx_word' id='word_1_273' title='bbox 521 3179 687 3262; x_wconf 86' lang='lat' dir='ltr'>significet,</span> <span class='ocrx_word' id='word_1_274' title='bbox 711 3181 758 3245; x_wconf 90' lang='lat' dir='ltr'>sin</span> <span class='ocrx_word' id='word_1_275' title='bbox 782 3181 860 3244; x_wconf 90' lang='lat' dir='ltr'>illud</span> <span class='ocrx_word' id='word_1_276' title='bbox 883 3188 1079 3260; x_wconf 89' lang='lat' dir='ltr'>reputamus,</span> <span class='ocrx_word' id='word_1_277' title='bbox 1109 3181 1154 3244; x_wconf 91' lang='lat' dir='ltr'>eis</span> <span class='ocrx_word' id='word_1_278' title='bbox 1177 3181 1273 3245; x_wconf 88' lang='lat' dir='ltr'>rebus</span> <span class='ocrx_word' id='word_1_279' title='bbox 1296 3181 1351 3242; x_wconf 89' lang='lat' dir='ltr'>ad-</span> 
     </span>
     <span class='ocr_line' id='line_1_32' title="bbox 198 3277 1351 3362; baseline -0.003 -18"><span class='ocrx_word' id='word_1_280' title='bbox 198 3283 295 3362; x_wconf 84' lang='lat' dir='ltr'>iungi,</span> <span class='ocrx_word' id='word_1_281' title='bbox 327 3299 407 3361; x_wconf 87' lang='lat' dir='ltr'>quae</span> <span class='ocrx_word' id='word_1_282' title='bbox 439 3299 535 3344; x_wconf 86' lang='lat' dir='ltr'>causa</span> <span class='ocrx_word' id='word_1_283' title='bbox 562 3281 639 3358; x_wconf 91' lang='lat' dir='ltr'>sint,</span> <span class='ocrx_word' id='word_1_284' title='bbox 667 3284 703 3342; x_wconf 94' lang='lat' dir='ltr'>ut</span> <span class='ocrx_word' id='word_1_285' title='bbox 733 3278 863 3358; x_wconf 48' lang='lat' dir='ltr'>aliquid¹</span> <span class='ocrx_word' id='word_1_286' title='bbox 878 3277 934 3341; x_wconf 87' lang='lat' dir='ltr'>fiat</span> <span class='ocrx_word' id='word_1_287' title='bbox 955 3298 1013 3344; x_wconf 89' lang='lat' dir='ltr'>nec</span> <span class='ocrx_word' id='word_1_288' title='bbox 1037 3280 1124 3360; x_wconf 81' lang='lat' dir='ltr'>ipsae</span> <span class='ocrx_word' id='word_1_289' title='bbox 1147 3279 1180 3343; x_wconf 93' lang='lat' dir='ltr'>id</span> <span class='ocrx_word' id='word_1_290' title='bbox 1203 3277 1351 3358; x_wconf 89' lang='lat' dir='ltr'>efficiant,</span> 
     </span>
     <span class='ocr_line' id='line_1_33' title="bbox 199 3375 1351 3458; baseline -0.004 -16"><span class='ocrx_word' id='word_1_291' title='bbox 199 3379 255 3442; x_wconf 86' lang='lat' dir='ltr'>sed</span> <span class='ocrx_word' id='word_1_292' title='bbox 282 3379 323 3442; x_wconf 88' lang='lat' dir='ltr'>ad</span> <span class='ocrx_word' id='word_1_293' title='bbox 350 3379 507 3458; x_wconf 86' lang='lat' dir='ltr'>agendum</span> <span class='ocrx_word' id='word_1_294' title='bbox 535 3377 699 3456; x_wconf 85' lang='lat' dir='ltr'>impellant</span> <span class='ocrx_word' id='word_1_295' title='bbox 730 3375 780 3440; x_wconf 87' lang='lat' dir='ltr'>vel</span> <span class='ocrx_word' id='word_1_296' title='bbox 803 3376 952 3456; x_wconf 85' lang='lat' dir='ltr'>invitent,</span> <span class='ocrx_word' id='word_1_297' title='bbox 976 3381 1132 3451; x_wconf 76' lang='lat' dir='ltr'>persicum</span> <span class='ocrx_word' id='word_1_298' title='bbox 1153 3376 1230 3441; x_wconf 90' lang='lat' dir='ltr'>licet</span> <span class='ocrx_word' id='word_1_299' title='bbox 1252 3376 1351 3439; x_wconf 92' lang='lat' dir='ltr'>nomi-</span> 
     </span>
     <span class='ocr_line' id='line_1_34' title="bbox 200 3472 1351 3555; baseline -0.003 -15"><span class='ocrx_word' id='word_1_300' title='bbox 200 3495 291 3554; x_wconf 90' lang='lat' dir='ltr'>nare,</span> <span class='ocrx_word' id='word_1_301' title='bbox 323 3493 404 3555; x_wconf 87' lang='lat' dir='ltr'>quae</span> <span class='ocrx_word' id='word_1_302' title='bbox 431 3476 530 3554; x_wconf 90' lang='lat' dir='ltr'>recipi</span> <span class='ocrx_word' id='word_1_303' title='bbox 559 3472 730 3554; x_wconf 89' lang='lat' dir='ltr'>significet,</span> <span class='ocrx_word' id='word_1_304' title='bbox 761 3477 845 3553; x_wconf 88' lang='lat' dir='ltr'>quod</span> <span class='ocrx_word' id='word_1_305' title='bbox 873 3475 999 3537; x_wconf 89' lang='lat' dir='ltr'>aliunde</span> <span class='ocrx_word' id='word_1_306' title='bbox 1023 3473 1173 3552; x_wconf 67' lang='lat' dir='ltr'>infertum</span> <span class='ocrx_word' id='word_1_307' title='bbox 1209 3475 1351 3537; x_wconf 89' lang='lat' dir='ltr'>ut-inter</span> 
     </span>
     <span class='ocr_line' id='line_1_35' title="bbox 199 3572 1347 3656; baseline -0.003 -18"><span class='ocrx_word' id='word_1_308' title='bbox 199 3577 360 3656; x_wconf 86' lang='lat' dir='ltr'>passivum</span> <span class='ocrx_word' id='word_1_309' title='bbox 384 3579 416 3636; x_wconf 96' lang='lat' dir='ltr'>et</span> <span class='ocrx_word' id='word_1_310' title='bbox 439 3572 586 3650; x_wconf 79' lang='lat' dir='ltr'>activum,</span> <span class='ocrx_word' id='word_1_311' title='bbox 610 3573 696 3652; x_wconf 86' lang='lat' dir='ltr'>quod</span> <span class='ocrx_word' id='word_1_312' title='bbox 717 3585 814 3652; x_wconf 91' lang='lat' dir='ltr'>supra</span> <span class='ocrx_word' id='word_1_313' title='bbox 830 3591 994 3637; x_wconf 90' lang='lat' dir='ltr'>commune</span> <span class='ocrx_word' id='word_1_314' title='bbox 1016 3591 1086 3637; x_wconf 82' lang='lat' dir='ltr'>esse</span> <span class='ocrx_word' id='word_1_315' title='bbox 1101 3573 1347 3652; x_wconf 90' lang='lat' dir='ltr'>participialium</span> 
     </span>
     <span class='ocr_line' id='line_1_36' title="bbox 165 3667 1351 3758; baseline -0.003 -22"><span class='ocrx_word' id='word_1_316' title='bbox 165 3733 166 3736; x_wconf 74' lang='grc'>,</span> <span class='ocrx_word' id='word_1_317' title='bbox 201 3673 352 3749; x_wconf 82' lang='lat' dir='ltr'>diximus,</span> <span class='ocrx_word' id='word_1_318' title='bbox 386 3670 533 3758; x_wconf 85' lang='lat' dir='ltr'>videatur</span> <span class='ocrx_word' id='word_1_319' title='bbox 562 3690 632 3735; x_wconf 89' lang='lat' dir='ltr'>csse</span> <span class='ocrx_word' id='word_1_320' title='bbox 659 3672 762 3735; x_wconf 90' lang='lat' dir='ltr'>media</span> <span class='ocrx_word' id='word_1_321' title='bbox 792 3669 845 3752; x_wconf 78' lang='lat' dir='ltr'>[ct</span> <span class='ocrx_word' id='word_1_322' title='bbox 873 3690 903 3752; x_wconf 91' lang='lat' dir='ltr'>p.</span> <span class='ocrx_word' id='word_1_323' title='bbox 933 3667 997 3749; x_wconf 84' lang='lat'><strong>78].</strong></span> <span class='ocrx_word' id='word_1_324' title='bbox 1047 3671 1151 3751; x_wconf 82' lang='lat' dir='ltr'>Igitur</span> <span class='ocrx_word' id='word_1_325' title='bbox 1181 3671 1351 3751; x_wconf 88' lang='lat' dir='ltr'>lugendum</span> 
     </span>
     <span class='ocr_line' id='line_1_37' title="bbox 199 3767 1352 3850; baseline -0.003 -16"><span class='ocrx_word' id='word_1_326' title='bbox 199 3789 272 3834; x_wconf 89' lang='lat' dir='ltr'>eum</span> <span class='ocrx_word' id='word_1_327' title='bbox 294 3768 436 3844; x_wconf 74' lang='lat' dir='ltr'>dioirnua</span> <span class='ocrx_word' id='word_1_328' title='bbox 461 3769 515 3847; x_wconf 90' lang='lat' dir='ltr'>qui</span> <span class='ocrx_word' id='word_1_329' title='bbox 534 3769 654 3833; x_wconf 87' lang='lat' dir='ltr'>luctum</span> <span class='ocrx_word' id='word_1_330' title='bbox 679 3768 784 3850; x_wconf 86' lang='lat' dir='ltr'>efficit,</span> <span class='ocrx_word' id='word_1_331' title='bbox 807 3771 857 3832; x_wconf 89' lang='lat' dir='ltr'>vel</span> <span class='ocrx_word' id='word_1_332' title='bbox 880 3769 934 3850; x_wconf 90' lang='lat' dir='ltr'>qui</span> <span class='ocrx_word' id='word_1_333' title='bbox 956 3767 1002 3831; x_wconf 86' lang='lat' dir='ltr'>ita</span> <span class='ocrx_word' id='word_1_334' title='bbox 1024 3774 1226 3848; x_wconf 86' lang='lat' dir='ltr'>comparatus</span> <span class='ocrx_word' id='word_1_335' title='bbox 1250 3772 1352 3832; x_wconf 85' lang='lat' dir='ltr'>estut</span> 
     </span>
     <span class='ocr_line' id='line_1_38' title="bbox 200 3865 1353 3947; baseline -0.003 -15"><span class='ocrx_word' id='word_1_336' title='bbox 200 3869 367 3947; x_wconf 82' lang='lat' dir='ltr'>lugeatur3</span> <span class='ocrx_word' id='word_1_337' title='bbox 392 3866 471 3930; x_wconf 90' lang='lat' dir='ltr'>liber</span> <span class='ocrx_word' id='word_1_338' title='bbox 493 3867 658 3946; x_wconf 82' lang='lat' dir='ltr'>legamina,</span> <span class='ocrx_word' id='word_1_339' title='bbox 682 3870 736 3947; x_wconf 89' lang='lat' dir='ltr'>qui</span> <span class='ocrx_word' id='word_1_340' title='bbox 759 3866 926 3930; x_wconf 87' lang='lat' dir='ltr'>lectionem</span> <span class='ocrx_word' id='word_1_341' title='bbox 949 3865 1047 3930; x_wconf 91' lang='lat' dir='ltr'>habet</span> <span class='ocrx_word' id='word_1_342' title='bbox 1070 3872 1103 3929; x_wconf 91' lang='lat' dir='ltr'>et</span> <span class='ocrx_word' id='word_1_343' title='bbox 1125 3884 1221 3930; x_wconf 87' lang='lat' dir='ltr'>causa</span> <span class='ocrx_word' id='word_1_344' title='bbox 1244 3867 1353 3928; x_wconf 85' lang='lat' dir='ltr'>existit</span> 
     </span>
     <span class='ocr_line' id='line_1_39' title="bbox 202 3964 1353 4046; baseline -0.003 -16"><span class='ocrx_word' id='word_1_345' title='bbox 202 3984 304 4046; x_wconf 86' lang='lat' dir='ltr'>quare</span> <span class='ocrx_word' id='word_1_346' title='bbox 334 3965 474 4044; x_wconf 76' lang='lat' dir='ltr'>legatur,</span> <span class='ocrx_word' id='word_1_347' title='bbox 502 3965 535 4026; x_wconf 89' lang='lat' dir='ltr'>in</span> <span class='ocrx_word' id='word_1_348' title='bbox 563 3965 697 4027; x_wconf 90' lang='lat' dir='ltr'>comitiis</span> <span class='ocrx_word' id='word_1_349' title='bbox 724 3965 927 4044; x_wconf 86' lang='lat' dir='ltr'>praetoribus</span> <span class='ocrx_word' id='word_1_350' title='bbox 955 3964 1108 4043; x_wconf 88' lang='lat' dir='ltr'>eligendis</span> <span class='ocrx_word' id='word_1_351' title='bbox 1131 3964 1353 4044; x_wconf 89' lang='lat' dir='ltr'>intelliguntur</span> 
     </span>
     <span class='ocr_line' id='line_1_40' title="bbox 200 4060 1350 4143; baseline -0.003 -15"><span class='ocrx_word' id='word_1_352' title='bbox 200 4067 381 4143; x_wconf 86' lang='lat' dir='ltr'>praetores,</span> <span class='ocrx_word' id='word_1_353' title='bbox 406 4062 459 4140; x_wconf 90' lang='lat' dir='ltr'>qui</span> <span class='ocrx_word' id='word_1_354' title='bbox 483 4061 623 4125; x_wconf 84' lang='lat' dir='ltr'>efficiunt</span> <span class='ocrx_word' id='word_1_355' title='bbox 647 4060 833 4126; x_wconf 86' lang='lat' dir='ltr'>electionem</span> <span class='ocrx_word' id='word_1_356' title='bbox 857 4067 889 4125; x_wconf 90' lang='lat' dir='ltr'>ct</span> <span class='ocrx_word' id='word_1_357' title='bbox 912 4068 948 4124; x_wconf 91' lang='lat' dir='ltr'>ut</span> <span class='ocrx_word' id='word_1_358' title='bbox 971 4061 1129 4141; x_wconf 90' lang='lat' dir='ltr'>eligantur</span> <span class='ocrx_word' id='word_1_359' title='bbox 1151 4079 1247 4125; x_wconf 89' lang='lat' dir='ltr'>causa</span> <span class='ocrx_word' id='word_1_360' title='bbox 1263 4067 1350 4140; x_wconf 78' lang='lat' dir='ltr'>sunt3</span> 
     </span>
     <span class='ocr_line' id='line_1_41' title="bbox 198 4157 1352 4240; baseline -0.004 -15"><span class='ocrx_word' id='word_1_361' title='bbox 198 4162 380 4240; x_wconf 91' lang='lat' dir='ltr'>pudendum</span> <span class='ocrx_word' id='word_1_362' title='bbox 411 4159 544 4223; x_wconf 90' lang='lat' dir='ltr'>dicimus</span> <span class='ocrx_word' id='word_1_363' title='bbox 568 4159 652 4238; x_wconf 91' lang='lat' dir='ltr'>quod</span> <span class='ocrx_word' id='word_1_364' title='bbox 674 4161 826 4238; x_wconf 89' lang='lat' dir='ltr'>pudorem</span> <span class='ocrx_word' id='word_1_365' title='bbox 850 4158 925 4224; x_wconf 89' lang='lat' dir='ltr'>facit</span> <span class='ocrx_word' id='word_1_366' title='bbox 948 4163 979 4222; x_wconf 93' lang='lat' dir='ltr'>et</span> <span class='ocrx_word' id='word_1_367' title='bbox 1001 4164 1038 4222; x_wconf 91' lang='lat' dir='ltr'>ut</span> <span class='ocrx_word' id='word_1_368' title='bbox 1061 4159 1129 4222; x_wconf 86' lang='lat' dir='ltr'>eius</span> <span class='ocrx_word' id='word_1_369' title='bbox 1151 4160 1279 4238; x_wconf 88' lang='lat' dir='ltr'>pudeat.</span> <span class='ocrx_word' id='word_1_370' title='bbox 1313 4157 1352 4221; x_wconf 93' lang='lat' dir='ltr'>ln</span> 
     </span>
    </p>
   </div>
   <div class='ocr_carea' id='block_1_3' title="bbox 0 0 1550 4768">
    <p class='ocr_par' dir='ltr' id='par_1_3' title="bbox 0 0 1550 4768">
     <span class='ocr_line' id='line_1_42' title="bbox 0 0 1550 4768; baseline 0 1"><span class='ocrx_word' id='word_1_371' title='bbox 0 0 1550 4768; x_wconf 95' lang='lat' dir='ltr'> </span> 
     </span>
    </p>
   </div>
  </div>
 </body>
</html>
