3036 4766
472 147 622 190 nocentur
642 148 877 192 nnnnlcunnnnu.
1191 159 1250 219 351

93 335 140 397 Ut
162 355 248 411 quom
272 341 367 414 apsim
390 357 437 400 me
461 357 558 412 ames,
583 357 629 399 mo
653 346 733 399 tuam
750 348 903 415 apsentem
921 344 1032 417 tornea,
1056 342 1138 418 pert
1156 343 1255 400 tomen

95 449 161 496 non
185 432 226 496 od
249 453 341 514 omes,
365 435 421 500 sed
444 434 484 498 ad
507 437 654 496 absentem
676 434 844 500 reserenda
867 443 926 515 est,
950 440 987 500 ut
1009 435 1065 502 sit:
1089 441 1187 496 tomen
1202 438 1255 496 ab·

94 536 207 593 sentem
229 534 335 611 etium,
363 531 393 595 h.
417 550 443 598 e.
468 531 612 610 quamvis
633 549 692 613 ego
715 532 826 598 absim.
865 533 954 598 Adde
971 533 1098 597 Terent.
1118 531 1251 612 Adelph.

94 626 146 707 Η,
174 635 208 708 l,
232 632 282 692 20.
328 629 365 693 ln
387 629 459 693 eliis
483 627 569 706 loeis,
593 627 646 693 ubi
670 628 816 694 ultimum
839 630 944 696 locum
967 629 1145 694 sententiae
1161 646 1255 693 occu-

94 731 154 806 pat
175 726 238 790 ista
264 726 439 806 particula,
471 724 531 790 hoo
557 732 730 807 propterea
756 726 875 792 factum
902 728 1045 797 videtur,
1076 725 1160 805 quod
1187 741 1250 810 non

94 821 136 887 ad
167 840 265 888 unum
295 824 474 888 sententiae
500 823 705 895 vocobulum,
737 824 794 890 sed
821 829 925 890 totum
952 823 1154 888 enunciatum
1182 823 1251 886 eius

93 919 144 985 vis
167 919 335 984 referenda
359 925 418 986 est.
462 919 629 986 Interdum
658 921 754 986 etiam
782 921 831 988 bis
857 921 1004 1004 ponitur,
1031 921 1064 984 in
1092 919 1252 1001 principio

95 1021 128 1083 et
150 1015 184 1081 in
205 1014 269 1082 fine
291 1017 480 1082 sententiae.
526 1017 629 1082 Plaut.
653 1017 745 1084 Miles
768 1019 847 1101 glor.
871 1018 937 1088 ΙΙΙ,
960 1022 994 1098 2,
1017 1023 1054 1082 51
1080 1035 1144 1096 sq.:

286 1118 404 1190 Quaeso
427 1121 538 1186 tomen,
560 1123 592 1177 tu
614 1125 731 1194 partem
754 1118 899 1180 infortuni
922 1135 1027 1193 meam,

289 1213 321 1274 st
344 1214 508 1292 dividetur,
531 1232 578 1275 me
602 1217 726 1276 absente
747 1218 876 1292 accipito
899 1219 1004 1276 tentem

93 1308 159 1376 Ubi
181 1309 272 1390 prius
295 1314 392 1370 tomen
414 1309 455 1375 ad
478 1329 599 1386 pacem,
623 1310 758 1376 alterum
781 1312 822 1376 ad
845 1313 970 1387 aecipite
985 1307 1157 1390 pertinct.“
1184 1307 1252 1373 Mil.

93 1407 149 1484 IV,
173 1412 210 1486 8,
234 1411 291 1473 31:
315 1412 396 1470 Bene
420 1428 531 1486 quaeso
553 1412 633 1470 inter
655 1428 707 1472 uos
731 1412 837 1471 dicetis
861 1416 892 1472 et
915 1411 986 1470 mihi
1009 1412 1127 1484 apsenti
1143 1413 1251 1486 tomen,

94 1505 150 1570 ubi
173 1507 284 1571 Dousa
306 1505 410 1570 Plant.
435 1505 529 1587 expll.
552 1505 611 1584 ΙΙΙ,
639 1510 677 1572 le
701 1509 816 1570 absenti
837 1514 936 1570 tomen
958 1505 1088 1585 exponit
1116 1508 1254 1581 quamuis

94 1605 220 1665 absenti.
263 1603 345 1668 Rud.
368 1603 425 1684 IV,
443 1609 471 1681 3,
495 1607 551 1668 67:
574 1607 652 1666 hunc
668 1625 726 1667 non
743 1608 875 1667 amittam
893 1611 1000 1666 tamen.
1039 1600 1252 1683 coniungitur

93 1707 288 1766 tamencum
316 1707 361 1771 ct,
391 1707 448 1771 set,
481 1720 597 1770 onum.
631 1708 660 1763 et
691 1702 869 1782 partiendis.
913 1703 962 1767 De
996 1706 1030 1761 ot
1057 1705 1155 1762 tornea
1178 1699 1254 1764 uide

95 1796 113 1880 ᾖ
138 1803 179 1863 39
203 1803 295 1877 extr„
319 1799 360 1863 de
382 1817 486 1862 oerum
508 1806 607 1861 tamen
629 1801 649 1878 5
672 1806 721 1865 44.
769 1801 820 1862 Set
840 1806 938 1863 tomen
953 1798 1056 1863 eleut.
1074 1796 1145 1862 Cas.
1170 1797 1252 1878 prol.

93 1915 122 1960 v.
147 1900 207 1960 20:
232 1896 284 1959 Set
303 1903 400 1959 mosen
422 1901 562 1961 absentes
584 1902 720 1976 prosient
742 1901 961 1976 praesentibus.
1006 1895 1133 1960 Terent.
1150 1896 1250 1960 Andr.

93 1991 174 2074 prol.
198 2012 226 2058 u.
252 1998 308 2058 11:
332 1998 398 2057 Non
420 1997 466 2058 ita
488 2006 557 2058 sunt
579 1998 716 2058 dissimili
739 2004 930 2073 argumento,
956 1995 1008 2055 sed
1029 1998 1126 2056 tomen
1153 1996 1253 2056 Dissi-

93 2093 159 2153 mili
180 2093 316 2155 orotione
339 2097 408 2154 sunt
430 2094 528 2155 lactas
558 2112 593 2154 ao
616 2097 694 2156 stilo.
739 2094 788 2158 De
811 2099 840 2154 et
866 2099 965 2153 tamen
991 2091 1065 2155 vide
1092 2091 1252 2172 Krueger.

94 2205 226 2268 gramm.
251 2187 307 2253 lat.
330 2206 359 2269 p.
385 2193 456 2254 722.
501 2189 629 2254 Terent.
657 2189 755 2254 Andr.
778 2188 810 2268 Ι,
837 2195 869 2268 l,
892 2194 949 2254 32:
982 2191 1093 2250 Horum
1124 2193 1177 2250 illo
1207 2192 1251 2251 nll

94 2291 215 2364 egregie
239 2294 361 2363 praeter
384 2297 488 2349 cetera
510 2289 664 2362 studebat,
688 2293 828 2349 ettamen
843 2291 941 2350 omnia
956 2289 1031 2348 haec
1047 2287 1249 2348 mediocriter.

180 2383 307 2449 Dicitur
329 2401 348 2448 a
371 2384 485 2465 priscis
508 2383 719 2464 scriptoribus
749 2386 845 2450 etiam
869 2391 930 2446 tom
956 2401 1015 2464 pro
1046 2390 1152 2448 tomen.
1198 2382 1254 2449 Sic

92 2481 256 2547 aNaevio
278 2479 315 2546 tr.
338 2481 398 2547 inc.
423 2498 502 2547 eom.
527 2487 582 2548 23:
689 2485 760 2560 qnid
787 2487 813 2545 si
836 2483 959 2545 taceas?
986 2483 1055 2543 dum
1084 2490 1115 2544 te
1139 2483 1250 2562 rident,

93 2585 265 2642 tumeliam
289 2583 380 2657 sciat,
404 2582 482 2656 euin
505 2584 649 2658 scriptum
672 2583 720 2644 ait.
765 2577 895 2660 (Festus
918 2598 948 2661 p.
972 2583 1035 2646 360
1056 2577 1099 2644 M.
1123 2584 1179 2659 „at
1194 2595 1253 2642 an·

92 2676 174 2757 tiqui
194 2681 256 2740 tam
279 2677 376 2742 etiam
398 2693 457 2757 pro
481 2683 579 2740 tomen
600 2677 651 2743 usi
673 2677 791 2759 sunt-“)
835 2677 957 2743 Ennius
984 2675 1023 2741 ir.
1055 2681 1073 2743 5
1103 2674 1249 2743 Achillis:

92 2793 176 2838 meae
201 2780 262 2835 tom
283 2778 362 2851 potis
384 2777 472 2838 Pacis
495 2777 587 2852 potiri
609 2772 744 2856 (Festus
767 2775 788 2840 l.
812 2777 862 2854 c).
907 2773 1011 2840 Plant
1041 2772 1108 2839 Mil.
1139 2773 1194 2854 iv,
1218 2775 1252 2852 8,

91 2877 146 2938 45:
182 2875 366 2950 Quamquam
395 2876 470 2937 alios
499 2873 651 2938 fideliores
681 2893 800 2952 semper
827 2877 958 2937 habuisti
985 2874 1041 2934 tibi
1065 2876 1161 2947 Quam
1191 2889 1248 2947 me,

93 2976 155 3034 tam
176 2971 233 3032 tibi
255 2972 352 3033 habeo
373 2990 509 3048 magnam
532 2973 660 3048 gratiam
681 2991 781 3034 rerum
805 2974 944 3033 omnium.
989 2968 1072 3033 nun.
1087 2968 1126 3044 V,
1148 2973 1177 3048 2,
1198 2971 1252 3033 63·

91 3067 141 3133 De
164 3066 280 3132 Plauto
302 3067 375 3133 vide
398 3066 526 3133 omnino
547 3065 745 3132 Fleckeisen.
776 3067 823 3134 ed.
855 3067 958 3131 Plaut.
990 3064 1090 3148 praet.
1120 3083 1150 3146 p.
1178 3063 1248 3130 XV.

92 3163 367 3243 Quemadmodum
390 3171 487 3228 tomen
509 3168 577 3246 etsi,
611 3163 729 3230 dicitur
756 3165 854 3230 etiam
883 3171 944 3227 tom
971 3167 1042 3245 etei,
1076 3168 1113 3229 ut
1142 3162 1250 3228 Plaut.

91 3261 210 3330 Pseud.
232 3260 263 3342 Ι,
288 3265 324 3342 3,
349 3265 405 3327 16;
429 3269 490 3324 tom
512 3265 569 3325 etsi
591 3263 614 3327 's
638 3271 810 3341 occupatus.
846 3261 942 3326 Poen.
959 3261 986 3338 Ι,
1003 3266 1032 3342 2,
1052 3265 1127 3328 129:
1151 3263 1250 3324 Proba

91 3379 177 3422 merx
199 3360 288 3422 facile
312 3369 477 3437 emptorem
499 3364 623 3442 reperit,
647 3366 707 3422 mm
729 3363 784 3423 etet
805 3363 837 3422 in
860 3363 999 3424 abstruso
1015 3363 1111 3423 sitast.
1150 3356 1251 3424 Stich.

90 3456 124 3539 I,
150 3462 185 3538 1,
209 3461 265 3521 lo:
287 3461 349 3518 tam
370 3461 425 3520 etas·
447 3458 471 3521 ’a
494 3460 597 3520 maior.
642 3457 770 3525 Terent.
794 3456 876 3523 Eun.
899 3455 949 3536 II,
975 3461 1010 3535 1,
1036 3459 1090 3522 10:
1114 3458 1252 3536 Memini,

91 3561 154 3618 tom
175 3557 230 3618 eoo
252 3558 352 3618 nullus
374 3574 505 3619 moneas.

176 3657 229 3718 44.
266 3654 315 3718 De
337 3649 569 3734 significatione
589 3652 767 3736 particulae
792 3651 1014 3719 adversativae
1042 3671 1145 3715 nemra
1174 3651 1252 3718 uide

91 3748 295 3832 Kruegcrum
317 3748 349 3814 in
371 3767 504 3831 gramm
526 3750 581 3817 lat.
604 3767 635 3834 p.
659 3755 730 3816 720.

176 3864 205 3912 a.
246 3849 355 3913 Venno
369 3851 467 3914 Naev.
488 3846 527 3915 ir.
542 3847 720 3915 Hesionae:
743 3851 788 3910 Ne
804 3850 877 3910 mlbi
891 3866 996 3926 gerere
1012 3867 1126 3912 morem
1143 3851 1251 3912 ridear

91 3948 208 4022 burna,
230 3963 334 4008 amon
355 3949 479 4024 dogma.
522 3943 604 4012 Octo
626 3945 663 4012 n
685 3945 722 4010 R.
751 3943 850 4027 praef.
875 3941 893 4026 ἐ
922 3950 950 4010 3.
994 3944 1100 4011 Plaut.
1131 3943 1250 4026 Amph.

91 4041 172 4125 prol.
206 4059 236 4105 v.
261 4045 317 4107 24:
355 4045 464 4107 Vnam
496 4044 634 4122 protecto
664 4046 721 4108 hoo
750 4051 856 4122 petere
879 4062 925 4105 me
948 4047 1087 4122 precario
1109 4045 1137 4105 Δ
1162 4043 1247 4105 uobis
1283 4076 1287 4084 ·

91 4142 187 4206 iussit.
232 4137 566 4220 11,n,1eo:oem
591 4144 637 4205 ita
660 4145 808 4206 animatus
835 4142 887 4205 fui.
930 4140 1012 4205 Rnd.
1040 4138 1096 4216 IV,
1128 4143 1163 4219 3,
1186 4140 1252 4202 562
