3090 4768
246 193 286 252 50
690 181 817 222 VERBUM.
846 181 908 223 GAP.
923 179 948 220 X.

243 379 351 436 aetate
375 370 493 436 facturn
517 376 566 435 est
588 377 624 434 ut
646 371 686 436 ad
709 374 844 446 faturum
867 378 978 446 campus
993 367 1044 434 vel
1060 368 1166 447 potius
1181 367 1389 437 inchoandam

244 470 398 533 actionem
426 467 528 532 forma
554 470 586 535 in
612 473 689 534 adas
717 467 959 534 transferretur.
984 499 1022 512 -
1047 465 1253 532 Grammatici
1283 474 1390 533 autem

242 566 292 632 sui
314 567 467 646 temporis
490 585 581 630 nsum
605 568 706 632 secuti
729 601 771 612 -
788 569 982 642 participium
1001 566 1100 639 saturi
1119 568 1233 640 passini
1252 566 1392 647 appella·
1451 559 1452 564 ’

242 670 356 728 verunt
385 681 572 743 omnemque
601 665 683 730 hunc
713 665 816 730 locum
839 667 963 727 nomine
986 662 1040 726 illo
1064 662 1171 726 multis
1195 659 1390 728 difficultati·

244 762 305 828 bus
329 762 570 842 impediverunt.
631 763 732 828 Multo
755 762 885 845 propius
908 761 974 823 sive
999 759 1200 840 participium
1224 761 1302 828 dicis
1324 763 1390 825 sive

241 860 442 942 participiale
465 861 530 924 sive
553 861 745 925 adiectivum
767 859 905 934 verbale,
936 857 968 920 id
991 858 1075 938 quod
1097 858 1231 923 Linacer
1253 866 1286 924 et
1308 859 1393 922 Haa-

243 960 311 1024 sius
334 959 554 1034 observarunt,
577 960 817 1024 aeoniunctivo
841 958 942 1026 abest,
966 960 999 1019 et
1021 957 1126 1019 omnia
1147 956 1216 1020 iere
1233 975 1316 1035 quae
1331 956 1391 1021 hoc

242 1057 336 1121 modo
367 1057 407 1120 ab
436 1075 474 1120 eo
501 1057 555 1136 qui
582 1057 723 1136 loquitur
746 1057 795 1121 vel
818 1055 1009 1136 cogitatione
1034 1053 1083 1117 vel
1108 1054 1271 1119 voluntate
1295 1053 1390 1135 signi·

186 1178 191 1191 ·
241 1151 335 1220 ficata
357 1157 398 1218 ad
420 1155 638 1235 praedicatum
660 1154 845 1234 afferuntur,
868 1153 923 1216 illa
945 1151 1047 1218 forma
1068 1153 1114 1218 ita
1137 1152 1341 1217 declarantur
1357 1156 1392 1214 ut

239 1255 271 1320 in
297 1255 393 1317 read
417 1271 510 1333 quam
534 1251 674 1317 refertur
694 1255 808 1330 inesse,
832 1268 893 1315 non
918 1250 1086 1332 cogitando
1110 1251 1183 1315 addi
1204 1247 1389 1314 aidrmetur.

242 1351 294 1435 [ei.
330 1352 426 1416 etiam
460 1361 542 1429 quae
574 1350 652 1414 dicit
677 1370 707 1430 p.
741 1356 792 1429 41,
827 1350 933 1413 adnot.
968 1345 1054 1428 102].
1088 1383 1129 1394 -—
1164 1347 1266 1426 Quam
1300 1348 1392 1411 modo

245 1449 370 1516 ostendi
398 1453 521 1512 actionis
549 1452 696 1510 notionem
718 1451 822 1528 ipsum
846 1445 990 1528 gerundii
1014 1445 1159 1511 suffixum
1186 1467 1245 1512 sua
1267 1447 1298 1511 vi
1321 1464 1392 1526 pro·

241 1550 344 1628 priam
368 1546 485 1610 habere
507 1553 581 1626 post
602 1545 797 1610 Priscianum
820 1551 942 1610 tantum
966 1563 1029 1610 non
1052 1562 1160 1609 omnes
1183 1547 1215 1610 in
1236 1564 1274 1612 eo
1289 1547 1393 1609 inesse

241 1651 476 1720 concesserunt,
500 1649 533 1708 et
553 1663 591 1707 ne
614 1643 636 1707 ii
659 1644 795 1724 quidem,
820 1645 873 1724 qui
890 1643 1073 1707 nominativi
1090 1649 1252 1722 potestate
1267 1639 1392 1722 decepti

244 1743 389 1809 omnibus
420 1736 545 1806 casibus
572 1741 792 1808 necessitatem
824 1742 1050 1820 abundarunt,
1085 1759 1203 1822 negare
1235 1741 1394 1807 sustinue-

243 1846 327 1908 runt.
365 1839 506 1904 Eandem
530 1846 637 1906 autem
660 1859 698 1904 ne
719 1841 760 1904 ab
783 1840 938 1905 adectiva
960 1840 1087 1919 quidem
1104 1839 1205 1904 forma
1221 1840 1393 1906 abhorrere

240 1957 304 2003 non
326 1955 435 2002 omnes
459 1943 698 2019 perspexerunt,
721 1955 912 2017 quamquam
935 1945 1023 2002 recte
1040 1939 1221 2004 Priscianus
1245 1940 1284 2004 dc
1307 1955 1344 2000 ea
1359 1949 1393 1998 re

241 2045 406 2102 statuerat.
451 2034 533 2098 Nam
556 2037 611 2101 ubi
633 2037 672 2100 ad
696 2036 930 2101 substantivum
954 2036 1068 2116 copula
1090 2055 1152 2101 non
1175 2035 1391 2101 intercedente

239 2135 433 2209 adiectivum
460 2141 517 2199 aut
545 2135 749 2215 participium
776 2135 974 2214 adiungitur,
1009 2134 1068 2198 hoc
1095 2135 1148 2200 ita'
1163 2134 1329 2216 praevalet
1354 2134 1390 2193 ut

240 2233 320 2297 illud
351 2234 541 2298 obscuretur
569 2237 666 2312 atque
695 2233 776 2296 adeo
798 2232 899 2296 omitti
930 2233 1041 2313 possit.
1086 2232 1147 2298 Ubi
1170 2233 1272 2314 igitur
1294 2230 1393 2294 forma

242 2332 274 2395 in
296 2334 371 2394 udus
394 2332 509 2396 cadens
532 2331 678 2396 attributi
700 2331 802 2396 locum
825 2330 933 2410 habet,
962 2349 1025 2410 quo
1048 2351 1085 2397 ea
1107 2336 1183 2396 nota
1206 2331 1336 2395 additur
1357 2329 1393 2388 ut

242 2448 295 2494 res
320 2427 456 2495 efficere
490 2429 540 2493 vel
569 2429 687 2494 habere
716 2429 873 2492 actionem
903 2431 1042 2510 dicatur,
1076 2448 1138 2494 non
1167 2431 1297 2510 poterat
1332 2440 1393 2488 non

245 2529 377 2592 actionis
407 2528 492 2592 notio
519 2533 642 2590 tantum
672 2527 821 2607 ponderis
844 2526 978 2606 habere,
1012 2534 1048 2593 ut
1069 2539 1207 2594 mentem
1231 2549 1251 2594 a
1273 2544 1320 2603 re,
1354 2520 1395 2584 ad

248 2643 344 2705 quam
371 2629 441 2689 erat
469 2625 607 2704 adiecta,
637 2625 811 2689 abduceret
837 2629 870 2688 et
898 2625 930 2688 in
961 2644 995 2690 se
1024 2627 1126 2706 ipsam
1150 2627 1242 2706 quasi
1265 2635 1392 2691 conver·

245 2727 340 2786 teret.
399 2723 468 2786 Hoc
502 2723 636 2786 marimo
669 2722 762 2786 modo
796 2721 895 2786 latina
928 2723 1034 2804 lingua
1068 2723 1161 2804 plane
1200 2721 1393 2805 singularem

247 2829 341 2883 nacta
364 2826 413 2884 est
434 2819 577 2900 formam,
601 2837 682 2900 quae
706 2821 848 2898 quamvis
870 2839 970 2902 prope
993 2822 1033 2885 ad
1055 2820 1245 2886 infinitivum
1268 2815 1394 2884 accede·

243 2925 303 2993 ret,
327 2925 433 2986 amen
457 2925 490 2983 et
511 2937 629 2999 genera
647 2923 685 2982 'et
707 2915 873 2984 numerum
897 2925 1041 2984 servaret
1064 2927 1096 2983 et
1115 2922 1155 2982 ad
1172 2937 1281 2984 omnes
1297 2914 1393 2980 actio-

244 3035 319 3081 num
354 3017 524 3085 relationes
557 3015 770 3098 designandas
804 3024 892 3082 essct
924 3018 1259 3083 accommodatissima.
1306 3013 1392 3090 Quae

246 3114 331 3180 ratio
354 3133 424 3179 cum
447 3115 538 3180 latini
560 3116 723 3195 sermonis
746 3132 809 3195 quo
832 3133 884 3180 res
906 3117 994 3197 ipsae
1018 3117 1212 3181 conditiones
1229 3114 1393 3193 designau-

246 3217 309 3292 tur,
339 3213 439 3277 indoli
467 3218 554 3280 esset
575 3213 756 3293 aptissima,
785 3219 817 3277 et
840 3214 1058 3295 antiquissimo
1082 3220 1224 3295 tempore
1248 3206 1392 3280 obtinuit,

245 3313 279 3374 et
303 3311 419 3374 sensim
441 3311 486 3376 ita
508 3310 650 3390 invaluit,
674 3317 711 3374 ut
733 3312 881 3396 gerundii
904 3331 975 3376 cum
998 3312 1177 3378 accusativo
1200 3303 1391 3377 constructio

246 3425 434 3487 quamquam
459 3409 579 3473 nullum
604 3409 730 3474 videtur
752 3415 879 3491 tempus
900 3409 1013 3490 fuisse,
1044 3427 1107 3489 quo
1129 3427 1262 3491 prorsus
1285 3409 1316 3471 in
1338 3401 1391 3467 ob·

215 3496 218 3504 ’
244 3504 392 3570 livionem
422 3508 560 3587 veniret,
588 3508 692 3572 rarius
719 3512 826 3596 tamen
848 3508 1074 3573 admitteretur
1097 3513 1130 3572 et
1153 3510 1247 3574 certis
1271 3508 1391 3570 tantum

247 3604 372 3668 casibus
394 3605 646 3670 reservaretur.“
686 3605 752 3669 Iam
776 3627 796 3671 a
818 3625 847 3688 p.
875 3611 1040 3671 113—116
1064 3607 1243 3670 accuratius
1266 3596 1391 3682 exponit

245 3701 396 3802 singulos·
410 3721 501 3769 casus
524 3722 724 3784 percensere,
746 3705 860 3784 quibus
877 3704 1002 3769 casibus
1019 3704 1165 3784 gerundii
1179 3699 1391 3770 accusativum

249 3800 431 3866 addiderint
457 3807 599 3882 veterae,
633 3801 746 3882 quibus
774 3803 880 3884 potius
907 3802 1095 3884 gerundium
1124 3802 1156 3866 in
1185 3799 1391 3883 gerundivum

249 3901 458 3980 mutaverint,
499 3901 539 3965 de
572 3919 705 3981 quarum
739 3901 872 3964 duarum
910 3901 1177 3966 constructionum
1215 3892 1390 3965 discrimine

246 4012 277 4074 p.
304 4000 363 4060 115
388 3996 464 4063 haec
487 3998 587 4063 addit:
614 3997 679 4078 ,Re
702 3998 828 4078 quidem
852 3999 983 4077 ipsa-
1007 4017 1070 4062 non
1092 3993 1240 4064 videntur
1255 3991 1389 4060 differre,

247 4093 304 4157 sed
327 4097 534 4174 grammatica
555 4097 691 4174 ratione,
716 4115 787 4160 cum
810 4096 896 4160 etin
919 4097 1076 4161 obiectiva
1098 4102 1132 4162 et
1154 4097 1185 4159 in
1208 4085 1391 4160 attributiva

247 4195 481 4259 construetione
518 4195 659 4260 actionis
681 4195 768 4278 notio
798 4195 917 4259 inesset
942 4202 975 4258 et
997 4196 1159 4258 emineret.
1205 4192 1308 4270 Quare
1341 4175 1391 4242 vel
