3036 4766
494 173 644 215 peccaras
681 173 916 218 ruumounuauu.
1219 181 1282 247 323

115 375 200 424 eura
221 357 283 422 vol.
306 357 352 423 IV
364 360 482 426 Handii
499 361 672 428 Turseilini
694 363 844 430 iuIahnii
858 364 963 430 annal.
988 369 1088 441 1850,
1110 362 1174 429 rol.
1196 363 1282 439 LIX,

114 461 200 522 aect.
224 461 260 532 2,
282 475 312 537 p.
341 462 399 522 152
423 475 552 540 semper
570 462 726 542 praeponi
747 463 952 544 negationem
981 460 1167 528 obtestandi
1188 477 1283 528 voca·

117 553 197 619 bulo
220 557 333 631 hercle,
354 555 402 622 sic
422 554 524 620 Plaut.
541 558 628 623 Asin.
649 559 693 641 ΙΙ,
706 567 736 637 4,
751 567 807 627 44:
830 563 902 624 Noa
915 563 1011 624 aerae
1030 570 1061 623 te
1082 561 1282 635 provideram.

120 649 251 717 'rorent
276 652 372 718 anm.
396 652 429 734 1,
451 658 487 735 2,
512 659 570 720 ee:
595 659 665 720 uon
687 660 784 722 aerae
805 662 961 737 intellego.
1006 657 1052 722 lb.
1083 656 1139 736 lv,
1168 663 1202 736 4,
1227 659 1282 730 aa:

117 752 193 812 Noa
215 752 311 813 hercle
333 752 435 816 faciet.
480 753 561 818 Eun.
585 752 624 834 V,
647 759 687 835 8,
710 761 745 821 2:
768 759 862 818 Nemo
884 758 980 820 beroia
1001 759 1164 834 quisquam.

210 853 260 914 31.
298 849 347 913 De
369 869 438 920 aec,
459 869 553 928 aeque
573 851 721 918 Handius
742 854 776 918 in
797 852 978 919 Tursellino
1001 858 1024 917 t.
1047 850 1104 929 IV,
1125 868 1154 931 p.
1178 854 1218 916 92
1234 867 1282 931 sq.

120 945 201 1011 haec
228 945 341 1013 babet:
371 946 451 1028 „Na
480 948 580 1030 quod,
608 956 645 1014 ut
676 949 979 1031 demonstravimue,
1008 947 1122 1014 maiori
1150 967 1222 1015 cum
1251 947 1283 1012 vi

120 1049 234 1124 negat,
258 1046 432 1126 assumpsit
452 1045 595 1112 litteram
609 1067 626 1110 c
641 1065 704 1114 non
723 1047 871 1114 modoad
886 1047 1153 1114 corroborandam
1169 1063 1281 1112 vocem

118 1142 243 1206 autad
266 1141 450 1208 evitandum
472 1143 612 1223 hiatum,
635 1146 692 1211 sed
716 1163 788 1212 cum
811 1143 1052 1227 significationis
1074 1144 1281 1208 incremento.

121 1239 183 1304 Est
205 1239 290 1304 enim
312 1239 390 1306 illud
421 1241 708 1307 demonstrativum
730 1263 776 1319 ce,
810 1245 897 1324 quod
928 1242 1025 1308 etiam
1059 1241 1093 1305 in
1124 1243 1200 1310 illio,
1230 1243 1281 1315 eia,

116 1344 206 1417 tuae,
229 1355 309 1400 canc
324 1345 469 1418 apparet
506 1337 602 1404 Aliud
618 1357 732 1406 nomen
756 1347 806 1407 est
821 1360 915 1416 oeque
929 1359 968 1405 ex
982 1358 1019 1402 aa
1033 1342 1068 1405 et
1081 1357 1137 1414 que
1150 1336 1280 1402 iactum.

117 1438 185 1513 Qec
207 1440 316 1502 autem
338 1453 410 1502 cum
433 1440 500 1512 oab
522 1442 694 1519 cognatum
717 1457 779 1504 uon
808 1438 902 1503 modo
933 1438 1077 1519 copulat,
1105 1435 1281 1502 sedetiam

122 1551 182 1614 per
211 1551 299 1616 eam,
326 1551 409 1615 quae
439 1533 469 1599 ei
497 1535 608 1601 innata
638 1541 704 1616 est,
734 1536 901 1602 relativam
924 1539 1072 1600 naturam
1096 1533 1282 1614 aequationi

120 1632 266 1696 inservit.
312 1631 419 1708 Quare
440 1651 532 1708 aeque
553 1631 714 1715 significat
735 1634 828 1700 modo
851 1640 880 1696 ct
902 1653 939 1695 ae
961 1633 1028 1698 sive
1051 1639 1165 1711 etam,
1187 1630 1281 1696 modo

115 1734 213 1791 etrum
235 1749 304 1794 aea.
349 1729 514 1796 Habemus
536 1730 637 1812 igitur
658 1731 738 1797 duas
759 1731 893 1811 formas,
923 1730 1059 1796 alteram
1081 1728 1282 1794 demonstra·

121 1827 220 1893 tivam
243 1847 313 1909 aec,
337 1829 470 1894 alteram
492 1828 658 1894 relativam
680 1849 790 1910 omae,
813 1847 896 1909 quae
911 1844 1103 1909 quamquam
1118 1825 1152 1892 in
1170 1823 1282 1891 multis

123 1926 301 2005 propriam.
322 1926 383 1992 sibi
416 1924 578 1992 vindicent
616 1926 900 2009 significationem,
939 1931 1049 1990 tumen
1089 1941 1152 1989 non
1185 1923 1280 1988 modo

122 2028 257 2103 propter
278 2022 401 2088 formae
425 2023 675 2106 similitudinem,
692 2026 749 2090 sed
772 2023 813 2089 ob
828 2025 930 2105 ipsam
952 2023 1173 2103 cognationem
1186 2020 1281 2088 facile

122 2126 274 2200 poterant
307 2122 393 2186 inter
423 2139 459 2187 se
493 2123 682 2188 commutari
711 2126 745 2188 et
774 2139 871 2202 saepe
894 2140 914 2187 a
941 2120 1153 2200 scriptoribus
1183 2119 1282 2184 etiam

121 2225 339 2284 commutatae
362 2223 445 2284 sunt.

210 2332 238 2380 a.
264 2319 347 2396 „Noc
358 2317 516 2398 gravioris
532 2322 604 2384 erat
614 2316 794 2398 negationis
810 2315 1000 2381 vocabulum
1015 2319 1049 2380 et
1064 2311 1282 2394 usurpabatur
1330 2371 1334 2379 .

123 2430 184 2494 pro
217 2432 269 2495 ae,
303 2415 388 2494 quod
422 2433 493 2481 cum
527 2415 641 2480 maiori
671 2415 702 2480 vi
724 2433 784 2496 pro
805 2433 867 2477 noa
887 2413 963 2494 poni
986 2411 1120 2477 solebat.
1165 2408 1282 2487 ltaque

122 2510 210 2591 apud
226 2512 363 2578 comicos
385 2511 529 2591 aliosque
551 2519 665 2594 poetas
681 2513 778 2578 etiam
801 2510 941 2576 medium
962 2510 995 2574 in
1011 2507 1156 2574 oratione
1176 2504 1282 2570 locum

121 2607 250 2673 obtinet
272 2615 399 2673 etcum
421 2610 558 2690 singulis
580 2610 760 2676 nominibus
780 2608 1001 2690 coniungitur,
1025 2613 1062 2671 ut
1082 2598 1128 2687 μή.
1164 2602 1215 2668 Sic
1229 2619 1283 2664 aec

122 2713 203 2768 recte
230 2706 401 2772 dicebatur
423 2725 482 2789 pro
504 2711 600 2781 male,
630 2728 684 2772 aee
713 2704 868 2784 opinansf‘
891 2705 954 2778 (Sic
981 2701 1127 2769 Handius
1154 2719 1185 2781 p.
1214 2698 1282 2776 96).

124 2803 179 2870 Sic
207 2808 258 2869 est
283 2804 315 2868 in
332 2804 415 2886 ¹lege
448 2806 618 2873 tribunicia
648 2825 701 2888 ap.
734 2805 867 2871 Festum
901 2793 950 2868 vu.
984 2804 1082 2864 aliato
1114 2803 1148 2866 et
1180 2816 1281 2860 socer:

124 2905 280 2979 pariceida
300 2921 353 2964 aec
376 2912 452 2965 esto.
497 2902 632 2984 Saepius
654 2904 687 2968 in
708 2902 792 2985 legg.
815 2901 880 2966 XII
901 2898 990 2965 tabb.
1028 2896 1080 2962 Sic
1103 2896 1167 2961 tab·
1190 2894 1230 2975 V,
1244 2893 1282 2958 fr.

124 3005 161 3066 3:
184 3005 232 3062 cui
256 3020 326 3062 snus
350 3002 439 3064 beree
461 3019 514 3063 acc
536 3005 592 3078 sit,
614 3001 692 3066 item
705 2999 746 3065 fr.
763 3006 791 3064 5.
808 3005 837 3064 7.
853 2995 943 3075 VIII,
962 2999 1009 3059 16.
1046 2993 1128 3057 Vide
1149 2992 1284 3057 Festum

124 3115 155 3163 v.
177 3117 239 3162 aec.
285 3096 364 3161 Oete
386 3097 424 3161 R·
448 3098 485 3164 R.
509 3117 534 3163 c.
561 3104 637 3164 141:
661 3102 745 3161 Mars
767 3105 870 3174 pater,
897 3097 925 3158 si
953 3095 1023 3170 quid
1049 3093 1103 3153 tibi
1132 3093 1163 3151 iu
1185 3091 1282 3151 illisce

123 3197 370 3259 sucviteurilibue
392 3200 575 3259 laetentibus
597 3215 693 3272 raeque
720 3195 906 3258 satisfactum
935 3195 983 3255 sit.
1028 3188 1092 3253 lu:
1121 3188 1199 3264 quod
1227 3188 1284 3247 tibi

124 3296 216 3355 illooe
237 3311 332 3369 porco
358 3311 451 3368 aeque
481 3296 669 3358 satisfactum
698 3303 753 3356 est.
797 3290 902 3356 Plaut.
929 3288 1017 3354 Asin.
1041 3285 1073 3364 1,
1098 3291 1131 3364 3,
1156 3289 1190 3348 3:
1220 3284 1284 3348 Nec

125 3397 204 3452 recte
227 3409 303 3467 quae
327 3394 412 3452 tuin
435 3411 489 3456 nos
520 3395 604 3454 dicis.
650 3389 699 3469 ΙΙ,
727 3397 762 3465 4,
792 3393 849 3453 65:
880 3391 912 3449 ni
940 3390 990 3449 isti
1015 3402 1068 3446 aec
1093 3388 1169 3443 recte
1198 3384 1283 3444 dicis.

124 3487 242 3554 Bacch·
268 3487 297 3566 I,
323 3492 352 3566 2,
379 3493 432 3551 11:
457 3492 501 3552 Tu
524 3493 570 3552 dis
592 3507 645 3551 uec
665 3493 743 3550 recte
771 3489 854 3548 dicis.
899 3483 953 3560 IV,
975 3488 1013 3563 4,
1037 3486 1091 3546 83:
1120 3482 1283 3542 Obtusalus

125 3587 200 3646 mibi
222 3604 315 3662 usque
338 3605 455 3663 quaque
478 3591 610 3664 loquitur
630 3604 683 3648 uec
704 3590 790 3648 recte.
828 3583 924 3647 Most.
940 3581 970 3658 Ι,
995 3585 1029 3659 3,
1052 3581 1110 3642 83:
1132 3577 1195 3639 Nec
1208 3579 1285 3638 raa

126 3685 154 3746 ei
176 3686 224 3746 illi
246 3685 374 3760 dixeris,
404 3685 464 3745 iam
494 3694 615 3750 ecastor
641 3685 804 3759 vapulabis.
849 3678 964 3743 Pseud.
988 3677 1042 3756 IV,
1067 3678 1102 3745 6,
1125 3679 1181 3739 23:
1207 3678 1285 3736 Nam

125 3783 233 3856 quanti
255 3781 350 3842 reiert
374 3784 402 3842 ei
424 3800 477 3844 aec
497 3787 573 3843 recte
598 3784 699 3845 dicere
723 3778 780 3858 (=
794 3776 877 3840 male
893 3775 1009 3854 dicere,
1024 3768 1102 3836 κατὰ
1118 3769 1283 3850 λιτότητα),

124 3875 224 3940 Poen.
247 3875 307 3954 III,
332 3882 366 3956 l,
394 3881 450 3941 13:
476 3881 507 3939 Si
529 3895 582 3938 aec
602 3885 678 3939 recte
700 3880 776 3938 dicis
798 3878 894 3937 nobis.

213 3974 243 4038 b.
277 3973 315 4038 In
343 3973 563 4054 coniungenda
589 3974 740 4052 negativa
762 3971 920 4037 sententia
941 3969 1048 4032 Latini
1071 3965 1283 4048 negationem,

125 4087 212 4150 quae
234 4077 336 4136 totam
360 4071 616 4139 enunciationem
639 4069 838 4144 moderatur,
861 4069 901 4131 ab
924 4067 1013 4130 initio
1037 4067 1160 4143 ponunt
1182 4075 1284 4136 eaque

128 4185 203 4234 cum
227 4168 397 4249 copulandi
418 4167 580 4248 particula
602 4168 770 4232 commissa
788 4183 846 4245 pro
869 4171 896 4226 ct
916 4183 976 4224 aaa
1002 4162 1118 4320 diogene
1137 4173 1228 4232 raeque
1250 4161 1286 4222 et
