3036 4766
219 181 284 242 362
506 171 568 214 OAP.
583 171 628 212 XV.
656 170 804 212 Deeratne
818 169 1068 210 enunciarnonnu.

222 360 378 442 probatur
401 378 463 425 res.
508 361 589 424 Tum
613 358 827 441 germanicum
851 357 930 422 bena
953 358 1138 438 respondet.
1183 357 1263 422 Cato
1284 355 1324 423 R.
1343 353 1379 418 R.

217 477 246 523 c.
273 463 302 538 6,
325 465 353 522 4.
399 457 503 522 Plant.
528 457 641 538 Amph.
665 456 744 538 prol.
770 475 798 520 v.
827 461 895 521 101.
920 455 997 521 (list.
1021 456 1062 535 II,
1086 461 1115 534 3,
1141 459 1199 519 54:
1224 457 1303 530 Quid
1327 471 1379 514 na-

219 559 333 634 goliat?
354 575 426 618 nam
449 567 612 632 occupatus
636 575 698 617 aum
722 559 870 632 ampliter.
915 555 996 620 Rnd.
1021 553 1047 632 Ι,
1072 559 1101 632 3,
1127 559 1182 618 15:
1205 555 1287 614 Nam
1310 553 1381 629 quid

221 657 373 716 habebunt
394 657 520 730 posthac
545 653 686 730 [insigne]
710 656 784 730 inpii
808 651 874 716 —l

308 769 334 816 e.
379 749 493 824 Causa,
518 763 599 829 quae
622 754 695 830 post
717 750 764 814 rei
780 749 1012 830 expositionem
1027 749 1181 814 addenda·
1199 752 1258 827 est,
1282 746 1380 810 iuter·

221 847 298 912 dum
322 846 354 913 in
378 848 558 916 accelerata
586 847 730 912 oratione
760 847 987 928 praemittitur.
1032 846 1137 912 Plant.
1162 843 1277 925 Amph.
1301 834 1380 923 p'rol.

220 965 250 1010 v.
278 950 337 1010 104
361 945 540 1010 Mercurius
562 946 670 1010 dicere
693 945 808 1009 voluit:
831 949 926 1026 pater
948 963 1040 1011 maus
1056 945 1183 1025 occepit
1196 941 1381 1008 Alcmenam

222 1042 303 1108 clam
327 1043 429 1108 virum
445 1061 567 1108 amare:
590 1059 663 1106 uam
680 1042 775 1108 credo
798 1060 856 1108 vos
879 1042 1015 1122 novisse,
1040 1048 1079 1107 ιιι
1092 1041 1147 1107 ille
1170 1043 1215 1107 sit
1235 1044 1268 1105 et
1285 1057 1381 1118 quam

221 1141 304 1212 liber
326 1141 439 1206 harum
462 1159 578 1206 rerum.
609 1140 672 1206 Sed
695 1140 787 1204 dixit:
812 1143 893 1204 Nom
916 1161 971 1219 apo
993 1161 1046 1206 uos
1069 1144 1187 1204 novisse
1211 1141 1303 1202 credo
1324 1139 1382 1196 iam

223 1249 256 1302 ιιι
278 1244 318 1302 sit
340 1260 422 1302 meus
446 1249 550 1316 pater,
576 1243 669 1314 Quam
693 1240 770 1300 liber
793 1241 897 1302 harum
920 1260 1020 1302 rernm
1044 1239 1101 1318 [ct]
1133 1243 1293 1300 multarum
1325 1237 1382 1295 siet

226 1341 420 1416 Quantasque
444 1348 572 1415 amator,
605 1341 629 1400 si
661 1340 687 1397 ei
717 1339 787 1414 qnid
816 1342 1046 1415 conplacitumat
1074 1340 1176 1399 semel.
1221 1339 1252 1396 Is
1282 1353 1382 1396 amare
1487 1337 1495 1351 “’

222 1439 343 1512 occepit
365 1440 559 1498 Alcumenam
583 1440 660 1496 clam
682 1438 786 1498 virum.

309 1531 329 1596 f.
373 1531 411 1596 ln
434 1531 600 1610 colloquiis
622 1532 659 1601 is.
682 1532 736 1612 qui
758 1532 940 1612 respondet,
963 1551 1022 1613 per
1043 1551 1115 1594 nam
1140 1527 1382 1594 affirmationem

224 1630 375 1711 exprimit
401 1631 463 1708 ita,
499 1636 536 1693 ut
571 1628 665 1694 simul
698 1629 852 1695 rationem
885 1628 1106 1695 affirmationis
1141 1629 1380 1708 complectatur.

223 1727 384 1792 Omissum
408 1728 518 1796 (imunt
540 1728 740 1806 grammatici
755 1727 944 1793 vocabulum
961 1725 1150 1807 affirmandi,
1175 1722 1261 1807 quod
1275 1730 1384 1789 tamen

222 1826 325 1890 adest.
356 1825 418 1892 Sed
441 1825 640 1891 contrahitur
662 1825 775 1890 oratio.
798 1825 901 1893 Plaut.
926 1825 1003 1890 (list.
1027 1824 1083 1905 IV,
1109 1830 1136 1904 1,
1159 1829 1194 1888 l:
1218 1827 1299 1886 Nam
1315 1826 1383 1884 hinc

224 1928 261 1987 ab
291 1927 369 1987 ostio
399 1928 545 1986 iacentem
576 1925 690 1986 sustuli.
741 1922 870 1988 Terent.
898 1924 980 1988 Eun.
1008 1922 1063 1993 IV,
1090 1929 1126 2003 4,
1160 1928 1212 1988 13:
1247 1923 1382 1994 mamque

222 2027 315 2086 alium
338 2026 427 2085 habui
451 2025 606 2084 nemiuem.

309 2139 340 2202 g.
385 2120 613 2200 Adiunguntur
646 2119 687 2184 ad
724 2118 902 2198 augendam
944 2118 1097 2184 orationis
1131 2117 1194 2182 vim
1229 2113 1384 2182 vocabula

223 2218 471 2283 asseverationis
493 2221 644 2288 mehercle,
666 2219 770 2286 heroe,
792 2219 899 2292 edepol,
920 2217 992 2281 salia.
1038 2217 1142 2282 Plaut.
1166 2215 1259 2295 Oept.
1282 2213 1337 2291 IV,
1354 2216 1383 2287 2,
1488 2297 1492 2304 ι

229 2319 306 2379 116;
332 2319 412 2378 Nora
434 2317 538 2386 hercle,
560 2319 621 2378 nisi
643 2315 723 2394 [ego]
747 2318 960 2380 manticinetns
975 2318 1068 2392 proha
1084 2334 1147 2393 ero,
1170 2315 1243 2376 insti
1258 2315 1382 2388 pactilo.

226 2412 303 2478 nist.
327 2414 357 2496 1,
384 2421 416 2494 l,
439 2421 493 2480 71:
523 2417 659 2490 Namque
682 2418 795 2474 ecastor
823 2432 906 2476 amor
930 2422 960 2476 et
983 2417 1071 2474 melle
1103 2421 1135 2474 ct
1156 2413 1258 2474 folleat
1281 2411 1382 2478 iecur·

225 2514 383 2577 diseamus.
414 2513 479 2578 Mil.
504 2511 562 2581 ΙΙΙ,
587 2516 615 2590 6,
634 2517 687 2575 ll:
710 2513 848 2586 Namque
871 2513 972 2586 edepol
995 2515 1043 2572 vix
1066 2511 1124 2572 fuit
1145 2512 1233 2587 copia
1255 2507 1385 2576 adeundi
1496 2541 1497 2548 ι

226 2617 314 2687 atque
337 2613 526 2688 impetrandi.
572 2609 699 2674 Terent.
724 2608 783 2674 Ad.
807 2607 847 2686 ll,
874 2613 900 2687 l,
925 2613 982 2674 36:
1004 2625 1076 2668 nam
1098 2609 1194 2669 hercle
1215 2610 1304 2670 ιιιιιιι
1329 2607 1384 2666 hoc
1496 2603 1497 2612 ‘

228 2717 333 2770 restat.
642 2755 644 2764 .
923 2731 931 2738 ·
1496 2759 1497 2770 ,

313 2805 342 2868 h·
377 2804 603 2884 Interrogalie,
626 2821 708 2885 quae
732 2824 770 2869 ex
787 2805 891 2870 auimo
907 2803 1010 2892 magis
1032 2807 1190 2890 commoto
1213 2797 1383 2882 proficisci·
1496 2827 1497 2844 ι

227 2909 291 2978 tur,
316 2899 545 2983 significantior
567 2897 603 2967 fit
626 2921 683 2982 per
706 2903 894 2984 particulam
918 2921 999 2972 nam,
1022 2917 1104 2980 quae
1125 2905 1184 2966 aut
1205 2897 1383 2980 praemitti·
1496 2889 1497 2930 ³

227 3008 280 3068 tur
302 3009 359 3068 aut
381 3019 443 3066 uno
466 3005 599 3066 accentu
621 3001 850 3082 comprehensa
873 3001 1019 3066 enclitico
1042 3017 1131 3066 more
1146 2997 1303 3064 adiicitur.
1337 2995 1384 3059 Ea

226 3121 304 3168 vero
333 3105 390 3166 aut
423 3099 571 3180 perhibet
603 3098 794 3164 intensivam
822 3099 885 3181 vim
913 3104 946 3163 ct
979 3097 1020 3162 ad
1053 3094 1282 3184 designandam
1317 3110 1382 3156 rem

226 3199 446 3264 vehementius
470 3203 597 3268 evocat.
625 3201 682 3263 aut
702 3213 761 3276 per
782 3197 916 3262 ironiam
942 3195 1063 3262 indicat
1085 3211 1157 3259 eum
1180 3193 1235 3272 qui
1258 3188 1382 3272 quaerit

227 3299 346 3362 mirari.
390 3296 557 3361 Praemitti
585 3295 702 3361 licebat
723 3314 793 3358 nom
815 3295 961 3360 omnibus
984 3292 1182 3368 nominibus,
1213 3290 1270 3354 aed
1294 3288 1384 3353 obse
1426 3295 1430 3304 ’

227 3395 306 3460 levit
334 3393 413 3461 haec
441 3396 591 3476 loquendi
624 3398 821 3463 consuetudo
853 3392 981 3459 comicis
1015 3392 1163 3474 propria,
1195 3407 1255 3456 nec
1285 3387 1384 3456 multe

229 3497 414 3558 manserunt
437 3495 565 3558 nomina
586 3495 681 3560 istius
705 3495 872 3560 encliticec
899 3491 1021 3558 formae
1049 3491 1081 3554 in
1103 3509 1174 3554 usu.
1218 3487 1271 3557 Sic
1302 3487 1385 3553 dice·
1496 3555 1497 3564 ,

228 3591 326 3656 batur
348 3610 367 3656 a
390 3591 502 3672 priscis
525 3593 622 3658 etiam
645 3594 795 3670 quintam.
826 3592 888 3658 Per
911 3589 1017 3654 omnia
1039 3594 1279 3668 temporariam
1301 3603 1383 3651 com·
1496 3609 1497 3634 ι

230 3689 410 3770 ponebatur
433 3709 504 3755 cum
528 3690 812 3771 pronominalibus‚
835 3693 911 3765 qaia,
932 3689 1059 3764 accede,
1081 3690 1202 3752 etcum
1218 3687 1279 3754 ahl,
1301 3683 1384 3748 unde
1496 3699 1497 3736 ι

229 3792 387 3866 quiderm,
417 3792 604 3864 coaeterna,
635 3791 836 3864 decadonem,
867 3791 998 3853 udinem.
1048 3782 1168 3850 Comici
1197 3783 1321 3862 antiqui
1354 3782 1385 3844 et

227 3907 300 3950 acm
323 3893 530 3968 removerunt
557 3905 576 3950 a
599 3906 657 3951 suo
680 3887 806 3952 nomine
835 3891 868 3951 et
895 3886 1028 3950 alteram
1058 3880 1193 3948 formam
1220 3900 1293 3942 nam
1320 3881 1385 3954 pals
1496 3949 1497 3958 ,

227 3986 358 4066 saepius
381 3985 589 4065 usurpabant.
633 3985 738 4049 Plaut.
762 3982 875 4064 Amph.
899 3983 946 4058 ll,
974 3989 1000 4059 l,
1023 3985 1080 4045 45:
1105 3983 1169 4059 Quo
1197 3982 1243 4058 id,
1266 3983 1383 4051 malum,

229 4091 442 4162 pactopotcst
464 4102 535 4143 aum
557 4117 593 4126 -
622 4083 713 4158 Fieri,
736 4103 765 4148 v.
790 4081 926 4146 Gronov.
951 4077 1089 4152 Achil,
1110 4084 1137 4158 1,
1164 4083 1216 4142 ll:
1240 4079 1307 4152 aaa
1321 4082 1385 4136 east
1496 4099 1497 4150 ;

229 4203 300 4245 aem
322 4183 463 4261 optuma?
494 4179 609 4246 Bacch.
632 4180 670 4260 V,
696 4187 723 4260 1,
748 4185 802 4244 27:
826 4183 905 4259 Quid
926 4181 981 4242 tibi
1003 4198 1040 4240 cx
1062 4179 1124 4240 filio
1145 4195 1226 4245 acm,
1250 4191 1383 4251 opsecro,
1496 4199 1497 4270 ι
