3048 4770
231 144 300 208 210
619 131 812 175 aorscrrvnra
828 151 850 160 -
866 131 930 174 our.
944 131 1002 172 ιιι.

226 325 428 402 puushlhpor
441 323 570 399 perdidi.
599 319 668 395 (Sic
683 320 844 401 sagaciter
858 320 995 386 coniecit
1009 319 1160 398 Bothius‚
1183 333 1281 397 quum
1295 313 1400 394 uulgo

231 418 413 502 legeretur:
447 422 516 496 pius
549 421 650 482 decem
682 421 782 496 pondo
816 423 928 480 auroris
959 439 987 494 p.
1019 421 1104 495 perd.
1148 413 1269 496 AOpg:
1301 415 1397 474 moris

226 518 412 594 pausillipar
441 517 579 592 perdidi).
609 514 725 580 Caecil.
742 515 821 580 Stat.
845 513 882 578 fr.
906 513 1066 580 Fallaciae
1079 521 1112 580 7:
1135 518 1223 577 velim
1239 513 1397 589 paulisper

233 621 265 674 te
288 615 430 690 opperiri.
456 645 495 658 -
521 611 724 689 Quantispert
748 645 785 658 -
810 615 877 675 Non
894 614 967 688 pac
989 612 1132 674 triduam
1164 611 1293 674 Terent.
1309 607 1396 679 Etru,

226 709 276 788 ΙΙ,
303 715 330 789 1,
359 713 414 775 32:
442 713 513 772 Plus
535 714 676 776 mittans
721 709 856 791 Adelph.
885 709 936 790 11,
963 715 997 789 1,
1019 714 1078 774 46:
1113 711 1190 772 Plus
1218 709 1398 782 summ

234 809 375 882 colophos
396 807 521 884 iutragit
541 811 622 872 mihi.

319 902 554 984 Nonnunquam
577 904 726 970 aPluuto
749 923 840 980 more
861 903 913 970 vel
935 907 1069 980 adrem
1084 921 1155 968 oum
1177 901 1397 991 comparativo

233 999 447 1080 coninugitur.
492 1001 544 1067 Sic
566 1001 658 1082 eope
680 1001 741 1082 ΙΙΙ,
765 1009 799 1082 5,
822 1006 881 1066 42:
913 1021 1007 1080 aequo
1036 1005 1152 1064 melius.
1196 1000 1251 1078 IV,
1276 1003 1312 1078 2,
1335 1002 1395 1062 48:

231 1100 291 1172 Qui
314 1100 432 1160 homine
456 1099 633 1177 [homiuum]
661 1102 793 1176 mque
819 1119 906 1162 nemo
932 1102 1003 1162 vivit
1026 1101 1225 1172 fortunatior,
1252 1097 1294 1160 ad
1316 1113 1347 1175 q.
1369 1095 1395 1160 l.

233 1192 488 1260 Lindemannus:
524 1197 653 1276 „Aequo
674 1215 746 1262 cum
768 1197 986 1276 comparativo
1009 1200 1059 1262 est
1089 1197 1204 1259 ustor
1232 1190 1392 1276 pletori

233 1286 555 1378 ditthtltutiirm
580 1294 610 1360 h.
634 1313 660 1360 e.
684 1298 812 1359 caeoera
834 1293 862 1358 si
885 1295 949 1360 siut
970 1294 1072 1374 paria.
1102 1291 1276 1357 Lambinus
1298 1291 1398 1354 aliter

233 1387 383 1468 erphoat.
439 1390 473 1455 Is
494 1409 558 1455 non
581 1391 648 1456 sine
671 1391 739 1456 reri
761 1391 869 1472 specie
890 1395 985 1472 putat
1007 1390 1087 1455 dnus
1110 1407 1228 1469 easque
1248 1389 1395 1454 diversas

232 1489 413 1550 structuras
439 1486 472 1551 in
499 1505 596 1552 unam
618 1486 767 1553 contusas
789 1507 876 1569 esse,
905 1490 951 1554 ita
978 1492 1014 1554 ut
1044 1490 1178 1563 Moerus
1204 1489 1396 1561 fortunatior

232 1580 277 1646 sit
298 1583 485 1656 fortunatior
507 1590 540 1650 et
562 1604 654 1661 orout
674 1587 856 1660 fortunatos.
891 1586 994 1651 Nemo
1016 1585 1178 1650 hominum
1201 1601 1305 1664 neque
1327 1581 1395 1647 ior-

232 1678 376 1742 tnnatior
397 1699 500 1761 neque
522 1699 624 1762 aeque
652 1681 834 1748 fortunatus
857 1684 950 1762 vivit,
980 1701 1074 1762 quam
1098 1681 1182 1746 ille.“
1225 1683 1326 1748 Mare.
1348 1679 1392 1759 11,

234 1781 324 1855 3,1:
352 1779 449 1841 Homo
471 1799 517 1840 me
539 1783 677 1842 mentor
702 1785 800 1843 nullus
827 1791 875 1844 est
902 1799 1002 1856 cauce
1053 1781 1098 1844 Et
1127 1781 1173 1846 sic
1205 1782 1250 1859 (v.
1278 1778 1395 1844 Fleck-

233 1871 330 1936 eisen.
363 1873 410 1938 cd.
438 1874 542 1940 Plaut.
569 1875 604 1940 T.
629 1876 644 1940 I
672 1894 703 1956 p.
728 1876 782 1957 26)
816 1878 913 1943 ctiam
946 1877 1011 1942 Mil.
1040 1897 1070 1943 v.
1100 1881 1162 1941 552
1191 1876 1393 1941 Ambrosiani

235 1969 395 2050 scriptura
416 1977 504 2037 recte
527 1990 562 2036 se
584 1973 697 2038 habet:
724 1978 801 2036 Nam
828 1995 865 2037 ex
889 1997 948 2039 uuo
970 1987 1061 2053 puteo
1083 1978 1212 2036 similior
1234 1993 1393 2050 numquam

232 2071 313 2144 potis
341 2074 427 2146 Aqua
448 2087 540 2144 orum
561 2075 637 2133 sumi
660 2071 758 2152 (vulg.
785 2092 883 2148 ααιιαο
908 2091 967 2152 pro
989 2093 1096 2148 coquo,
1120 2071 1256 2136 Bothius
1277 2071 1394 2146 aquai).

321 2163 438 2230 Omnes
461 2171 527 2231 tres
550 2167 670 2247 gradus
685 2171 930 2250 comparationis
952 2177 1111 2251 apparent
1126 2169 1216 2249 Capt.
1233 2168 1294 2248 Ill,
1313 2172 1340 2244 1,
1360 2174 1393 2232 l:
1515 2195 1516 2202 ι

297 2265 395 2324 Miser
417 2267 544 2344 homost,
568 2269 620 2344 qui
641 2270 724 2345 ipsus
748 2271 806 2330 sibi
827 2271 906 2346 quod
929 2273 993 2331 edit
1008 2272 1126 2348 quaerit
1153 2276 1185 2330 et
1206 2270 1237 2328 id
1259 2285 1356 2344 aegro

883 2371 1006 2430 invenit.

298 2460 351 2519 Set
372 2461 456 2522 illast
476 2463 628 2538 miserior,
651 2467 702 2540 qui
725 2473 757 2524 et
779 2483 868 2540 aegra
891 2469 1010 2542 quaerit
1032 2473 1063 2526 at
1085 2467 1160 2526 nihil
1183 2465 1305 2525 iurauit.

297 2558 354 2616 Ille
376 2558 588 2619 misserrrrmara
617 2570 680 2628 cst,
706 2564 773 2639 qui,
800 2581 887 2638 quoru
917 2581 984 2625 esse
1013 2565 1125 2640 cupiit,
1160 2563 1238 2638 quud
1266 2561 1329 2620 odit

862 2663 1044 2724 nonhabet.

233 2743 479 2825 Comparatirus
516 2755 550 2814 et
587 2752 805 2832 superlativus
844 2755 970 2821 Terent.
1011 2750 1147 2835 Adelph.
1185 2753 1227 2833 V,
1258 2758 1295 2823 8,
1334 2757 1392 2817 18:

230 2847 313 2921 Age,
348 2849 419 2922 quid
452 2850 549 2924 siquid
571 2861 602 2912 te
624 2854 722 2914 mats
744 2855 830 2916 oret?
874 2854 932 2918 ΜΙ.
969 2859 1061 2930 Quasi
1091 2873 1150 2916 nou
1179 2856 1237 2915 hoo
1264 2855 1304 2914 sit
1322 2869 1392 2912 mo·

229 2958 363 3001 sumum.

318 3038 526 3114 superlativus
553 3042 593 3106 de
621 3044 745 3110 duobus
774 3054 950 3130 usurpatus
978 3054 1028 3114 est
1054 3049 1113 3113 Ad.
1138 3048 1175 3128 V,
1203 3054 1239 3127 4,
1269 3052 1326 3110 27:
1361 3046 1392 3108 id

233 3153 300 3196 msa
322 3140 450 3198 minuma
473 3156 507 3199 re
530 3140 601 3216 tert,
624 3147 675 3219 qui
698 3165 761 3204 sum
785 3157 855 3207 natu
871 3165 1039 3217 mosomus,
1054 3173 1095 3199 =
1111 3146 1225 3223 malon
1248 3144 1392 3223 loquitur
1513 3141 1514 3144 '

231 3231 317 3294 enim
346 3233 467 3296 Demea
492 3235 617 3302 ratione
645 3237 756 3303 habita
785 3241 893 3307 fratris
921 3245 1075 3309 Minionis.
1102 3243 1228 3308 ——Vis
1260 3241 1392 3306 additur

232 3326 429 3406 superlativo
456 3328 599 3408 praefixo
628 3351 695 3400 voc.
724 3340 821 3414 torpe,
851 3348 888 3404 ut
911 3342 1004 3409 Ennii
1030 3340 1134 3405 annal.
1165 3341 1186 3406 l.
1209 3340 1243 3420 1,
1268 3337 1307 3404 lr.
1338 3342 1389 3416 57,

233 3439 263 3484 v.
286 3429 337 3487 94.
381 3423 485 3490 Plaut.
508 3425 604 3492 Most.
628 3429 690 3509 ΙΙΙ,
713 3435 747 3508 3,
771 3441 804 3498 8:
826 3440 931 3514 Lonpe
952 3443 1080 3501 omnium
1104 3442 1325 3516 loupissumost.

317 3518 421 3600 Saepe
458 3524 674 3602 superlativus
707 3531 778 3597 aliis
816 3533 960 3600 tor-mulis
999 3537 1289 3613 circumscribitur,
1327 3547 1390 3612 qno

228 3615 393 3696 pertinent
428 3621 474 3679 ott
502 3639 610 3698 supro,
647 3644 756 3709 praep.
790 3639 913 3706 macter
942 3653 1012 3698 eum
1040 3635 1105 3699 adi.
1140 3651 1239 3696 manes
1272 3630 1324 3695 vel
1349 3647 1390 3692 ot
1512 3657 1513 3704 t

229 3715 288 3780 tert
332 3713 517 3796 coniuncta,
555 3719 691 3801 denique
735 3729 819 3788 huod
858 3733 921 3790 otti
961 3736 1066 3808 musto.
1127 3732 1255 3796 Terent.
1292 3727 1392 3793 Andr.

228 3805 263 3890 Ι,
290 3812 323 3887 1,
347 3815 401 3874 93:
425 3823 457 3874 at
478 3819 576 3891 voltu,
604 3821 699 3900 Sosia,
722 3827 807 3887 Adeo
830 3833 977 3905 modesto,
1006 3840 1039 3891 ut
1060 3833 1106 3892 uit
1131 3849 1233 3905 sopra.
1256 3823 1392 3904 Adelph.

228 3902 277 3982 ΙΙ,
306 3909 340 3984 3,
372 3911 425 3970 11:
453 3912 511 3971 Nil
536 3918 616 3988 potis
645 3936 748 3993 cupro.
792 3921 900 3986 Plaut·
936 3927 1053 4005 Amph:
1079 3927 1125 4000 ΙΙ,
1152 3932 1188 4007 2,
1221 3929 1274 3988 10:
1303 3941 1392 4000 quom

229 4021 286 4077 ego
322 4021 388 4064 cmo
415 4013 538 4080 praeter
570 4015 675 4077 omnis.
720 4016 786 4082 Mil.
816 4018 874 4100 IV,
902 4027 937 4102 9,
965 4027 998 4087 ῦς
1026 4031 1153 4098 practer
1182 4028 1291 4084 cetoros
1323 4023 1392 4081 Duo

228 4100 261 4160 di
293 4119 381 4176 quem
415 4114 529 4167 curant.
574 4105 701 4175 Terent.
739 4116 837 4180 Andr·
874 4115 908 4191 Ι,
943 4125 974 4200 1,
1009 4127 1064 4184 31:
1102 4125 1216 4184 Horum
1254 4120 1306 4179 illc
1349 4120 1412 4176 uil·
1511 4153 1512 4156 =
