<?xml version="1.0" encoding="UTF-8"?>
<!DOCTYPE html PUBLIC "-//W3C//DTD XHTML 1.0 Transitional//EN"
    "http://www.w3.org/TR/xhtml1/DTD/xhtml1-transitional.dtd">
<html xmlns="http://www.w3.org/1999/xhtml" xml:lang="en" lang="en">
 <head>
  <title>
</title>
<meta http-equiv="Content-Type" content="text/html;charset=utf-8" />
  <meta name='ocr-system' content='tesseract 3.04.00' />
  <meta name='ocr-capabilities' content='ocr_page ocr_carea ocr_par ocr_line ocrx_word'/>
</head>
<body>
  <div class='ocr_page' id='page_1' title='image "./syntaxispriscor02holtgoog_0288.png"; bbox 0 0 3048 4770; ppageno 0'>
   <div class='ocr_carea' id='block_1_1' title="bbox 493 133 1281 214">
    <p class='ocr_par' dir='ltr' id='par_1_1' title="bbox 493 133 1281 214">
     <span class='ocr_line' id='line_1_1' title="bbox 493 133 1281 214; baseline -0.001 -40"><span class='ocrx_word' id='word_1_1' title='bbox 493 133 600 176; x_wconf 76' lang='lat' dir='ltr'>ENUNO.</span> <span class='ocrx_word' id='word_1_2' title='bbox 627 133 895 180; x_wconf 72' lang='lat' dir='ltr'>iurnauodaulvun.</span> <span class='ocrx_word' id='word_1_3' title='bbox 1219 151 1281 214; x_wconf 72' lang='lat'>269</span> 
     </span>
    </p>
   </div>
   <div class='ocr_carea' id='block_1_2' title="bbox 87 321 1359 4244">
    <p class='ocr_par' dir='ltr' id='par_1_2' title="bbox 87 321 1284 2173">
     <span class='ocr_line' id='line_1_2' title="bbox 124 321 1284 410; baseline 0.009 -22"><span class='ocrx_word' id='word_1_4' title='bbox 124 321 269 404; x_wconf 81' lang='lat' dir='ltr'>exemplo</span> <span class='ocrx_word' id='word_1_5' title='bbox 293 327 433 400; x_wconf 77' lang='lat' dir='ltr'>utantur,</span> <span class='ocrx_word' id='word_1_6' title='bbox 456 322 515 390; x_wconf 83' lang='lat' dir='ltr'>hd.</span> <span class='ocrx_word' id='word_1_7' title='bbox 539 323 599 404; x_wconf 92' lang='lat' dir='ltr'>III,</span> <span class='ocrx_word' id='word_1_8' title='bbox 617 328 654 405; x_wconf 90' lang='grc'><strong>4,</strong></span> <span class='ocrx_word' id='word_1_9' title='bbox 677 331 716 390; x_wconf 85' lang='grc'><strong>41</strong></span> <span class='ocrx_word' id='word_1_10' title='bbox 740 327 955 406; x_wconf 82' lang='lat' dir='ltr'>respondetur</span> <span class='ocrx_word' id='word_1_11' title='bbox 977 344 1037 410; x_wconf 90' lang='lat' dir='ltr'>per</span> <span class='ocrx_word' id='word_1_12' title='bbox 1060 337 1144 396; x_wconf 80' lang='lat' dir='ltr'>carle.</span> <span class='ocrx_word' id='word_1_13' title='bbox 1189 329 1284 409; x_wconf 83' lang='lat' dir='ltr'>Quod</span> 
     </span>
     <span class='ocr_line' id='line_1_3' title="bbox 125 420 1281 510; baseline 0.007 -26"><span class='ocrx_word' id='word_1_14' title='bbox 125 424 232 486; x_wconf 87' lang='lat' dir='ltr'>autem</span> <span class='ocrx_word' id='word_1_15' title='bbox 256 420 459 502; x_wconf 86' lang='lat' dir='ltr'>negationem</span> <span class='ocrx_word' id='word_1_16' title='bbox 482 423 631 502; x_wconf 87' lang='lat' dir='ltr'>adducat,</span> <span class='ocrx_word' id='word_1_17' title='bbox 653 439 716 487; x_wconf 90' lang='lat' dir='ltr'>non</span> <span class='ocrx_word' id='word_1_18' title='bbox 739 423 843 490; x_wconf 85' lang='lat' dir='ltr'>estin</span> <span class='ocrx_word' id='word_1_19' title='bbox 866 427 1026 507; x_wconf 90' lang='lat' dir='ltr'>particula</span> <span class='ocrx_word' id='word_1_20' title='bbox 1046 448 1117 492; x_wconf 82' lang='lat' dir='ltr'>uam</span> <span class='ocrx_word' id='word_1_21' title='bbox 1133 429 1281 510; x_wconf 85' lang='lat' dir='ltr'>positum,</span> 
     </span>
     <span class='ocr_line' id='line_1_4' title="bbox 123 519 1283 605; baseline 0.009 -23"><span class='ocrx_word' id='word_1_22' title='bbox 123 535 206 598; x_wconf 88' lang='lat' dir='ltr'>quae</span> <span class='ocrx_word' id='word_1_23' title='bbox 229 522 355 584; x_wconf 87' lang='lat' dir='ltr'>tantum</span> <span class='ocrx_word' id='word_1_24' title='bbox 377 519 442 584; x_wconf 86' lang='lat' dir='ltr'>vim</span> <span class='ocrx_word' id='word_1_25' title='bbox 463 521 680 588; x_wconf 87' lang='lat' dir='ltr'>constituendi</span> <span class='ocrx_word' id='word_1_26' title='bbox 703 527 736 588; x_wconf 89' lang='lat' dir='ltr'>et</span> <span class='ocrx_word' id='word_1_27' title='bbox 757 520 945 605; x_wconf 81' lang='lat' dir='ltr'>designandi</span> <span class='ocrx_word' id='word_1_28' title='bbox 966 527 1000 591; x_wconf 90' lang='lat' dir='ltr'>in</span> <span class='ocrx_word' id='word_1_29' title='bbox 1022 545 1057 593; x_wconf 80' lang='lat' dir='ltr'>aa</span> <span class='ocrx_word' id='word_1_30' title='bbox 1072 525 1180 596; x_wconf 84' lang='lat' dir='ltr'>nabet.</span> <span class='ocrx_word' id='word_1_31' title='bbox 1214 527 1283 592; x_wconf 92' lang='lat' dir='ltr'>Pri·</span> 
     </span>
     <span class='ocr_line' id='line_1_5' title="bbox 121 617 1284 708; baseline 0.007 -26"><span class='ocrx_word' id='word_1_32' title='bbox 121 635 208 692; x_wconf 87' lang='lat' dir='ltr'>mum</span> <span class='ocrx_word' id='word_1_33' title='bbox 232 617 332 700; x_wconf 83' lang='lat' dir='ltr'>igitur</span> <span class='ocrx_word' id='word_1_34' title='bbox 353 638 426 682; x_wconf 81' lang='lat' dir='ltr'>mam</span> <span class='ocrx_word' id='word_1_35' title='bbox 447 619 586 701; x_wconf 90' lang='lat' dir='ltr'>positum</span> <span class='ocrx_word' id='word_1_36' title='bbox 608 620 770 686; x_wconf 89' lang='lat' dir='ltr'>invenitur</span> <span class='ocrx_word' id='word_1_37' title='bbox 798 621 830 688; x_wconf 93' lang='lat' dir='ltr'>in</span> <span class='ocrx_word' id='word_1_38' title='bbox 853 621 909 699; x_wconf 82' lang='lat' dir='ltr'>iis,</span> <span class='ocrx_word' id='word_1_39' title='bbox 938 641 1021 703; x_wconf 86' lang='lat' dir='ltr'>quae</span> <span class='ocrx_word' id='word_1_40' title='bbox 1051 643 1114 692; x_wconf 86' lang='lat' dir='ltr'>non</span> <span class='ocrx_word' id='word_1_41' title='bbox 1137 624 1284 708; x_wconf 81' lang='lat' dir='ltr'>sequitur</span> 
     </span>
     <span class='ocr_line' id='line_1_6' title="bbox 121 713 1281 804; baseline 0.016 -25"><span class='ocrx_word' id='word_1_42' title='bbox 121 713 314 796; x_wconf 80' lang='lat' dir='ltr'>improbatio</span> <span class='ocrx_word' id='word_1_43' title='bbox 337 718 570 798; x_wconf 78' lang='lat' dir='ltr'>respondentis,</span> <span class='ocrx_word' id='word_1_44' title='bbox 594 718 640 784; x_wconf 90' lang='lat' dir='ltr'>ita</span> <span class='ocrx_word' id='word_1_45' title='bbox 664 724 770 784; x_wconf 76' lang='grc'><strong>461666</strong></span> <span class='ocrx_word' id='word_1_46' title='bbox 793 724 829 784; x_wconf 94' lang='lat' dir='ltr'>ut</span> <span class='ocrx_word' id='word_1_47' title='bbox 851 725 1023 792; x_wconf 76' lang='lat' dir='ltr'>antecedat</span> <span class='ocrx_word' id='word_1_48' title='bbox 1043 723 1151 804; x_wconf 90' lang='lat' dir='ltr'>aliqua</span> <span class='ocrx_word' id='word_1_49' title='bbox 1174 723 1281 804; x_wconf 85' lang='lat' dir='ltr'>opinio</span> 
     </span>
     <span class='ocr_line' id='line_1_7' title="bbox 121 813 1281 906; baseline 0.009 -28"><span class='ocrx_word' id='word_1_50' title='bbox 121 813 174 879; x_wconf 85' lang='lat' dir='ltr'>vel</span> <span class='ocrx_word' id='word_1_51' title='bbox 196 814 243 880; x_wconf 83' lang='lat' dir='ltr'>rbi</span> <span class='ocrx_word' id='word_1_52' title='bbox 265 814 487 882; x_wconf 75' lang='lat' dir='ltr'><strong>consideratio.</strong></span> <span class='ocrx_word' id='word_1_53' title='bbox 532 815 570 882; x_wconf 96' lang='lat' dir='ltr'>ln</span> <span class='ocrx_word' id='word_1_54' title='bbox 592 817 641 884; x_wconf 83' lang='lat' dir='ltr'>his</span> <span class='ocrx_word' id='word_1_55' title='bbox 664 817 763 899; x_wconf 82' lang='lat' dir='ltr'>igitur</span> <span class='ocrx_word' id='word_1_56' title='bbox 787 835 845 898; x_wconf 91' lang='lat' dir='ltr'>per</span> <span class='ocrx_word' id='word_1_57' title='bbox 867 840 940 886; x_wconf 78' lang='lat' dir='ltr'>nam</span> <span class='ocrx_word' id='word_1_58' title='bbox 962 822 1141 906; x_wconf 79' lang='lat' dir='ltr'>interrogat</span> <span class='ocrx_word' id='word_1_59' title='bbox 1162 823 1202 902; x_wconf 87' lang='grc'>16,</span> <span class='ocrx_word' id='word_1_60' title='bbox 1226 821 1281 904; x_wconf 90' lang='lat' dir='ltr'>qui</span> 
     </span>
     <span class='ocr_line' id='line_1_8' title="bbox 121 911 1283 998; baseline 0.009 -21"><span class='ocrx_word' id='word_1_61' title='bbox 121 911 259 993; x_wconf 77' lang='lat' dir='ltr'><strong>aliquam</strong></span> <span class='ocrx_word' id='word_1_62' title='bbox 294 931 362 980; x_wconf 88' lang='lat' dir='ltr'>rem</span> <span class='ocrx_word' id='word_1_63' title='bbox 388 915 525 982; x_wconf 89' lang='lat' dir='ltr'>miratur</span> <span class='ocrx_word' id='word_1_64' title='bbox 560 921 594 982; x_wconf 89' lang='lat' dir='ltr'>et</span> <span class='ocrx_word' id='word_1_65' title='bbox 625 915 766 982; x_wconf 83' lang='lat' dir='ltr'>rix·aibi</span> <span class='ocrx_word' id='word_1_66' title='bbox 791 916 855 998; x_wconf 90' lang='lat' dir='ltr'>ipsi</span> <span class='ocrx_word' id='word_1_67' title='bbox 883 919 1015 988; x_wconf 83' lang='lat' dir='ltr'>credens</span> <span class='ocrx_word' id='word_1_68' title='bbox 1045 920 1283 986; x_wconf 80' lang='lat' dir='ltr'>dubitationem</span> 
     </span>
     <span class='ocr_line' id='line_1_9' title="bbox 121 1011 1281 1099; baseline 0.005 -21"><span class='ocrx_word' id='word_1_69' title='bbox 121 1011 277 1093; x_wconf 89' lang='lat' dir='ltr'>reprimit.</span> <span class='ocrx_word' id='word_1_70' title='bbox 323 1011 429 1092; x_wconf 82' lang='lat' dir='ltr'>Quare</span> <span class='ocrx_word' id='word_1_71' title='bbox 456 1013 614 1096; x_wconf 89' lang='lat' dir='ltr'>particula</span> <span class='ocrx_word' id='word_1_72' title='bbox 641 1013 701 1082; x_wconf 90' lang='lat' dir='ltr'>hac</span> <span class='ocrx_word' id='word_1_73' title='bbox 728 1019 863 1082; x_wconf 87' lang='lat' dir='ltr'>utuntur</span> <span class='ocrx_word' id='word_1_74' title='bbox 889 1017 926 1094; x_wconf 87' lang='lat' dir='ltr'>ii,</span> <span class='ocrx_word' id='word_1_75' title='bbox 955 1018 1010 1099; x_wconf 92' lang='lat' dir='ltr'>qui</span> <span class='ocrx_word' id='word_1_76' title='bbox 1034 1024 1207 1098; x_wconf 84' lang='lat' dir='ltr'>conspecta</span> <span class='ocrx_word' id='word_1_77' title='bbox 1230 1017 1281 1084; x_wconf 87' lang='lat' dir='ltr'>uel</span> 
     </span>
     <span class='ocr_line' id='line_1_10' title="bbox 120 1109 1281 1200; baseline 0.006 -27"><span class='ocrx_word' id='word_1_78' title='bbox 120 1109 232 1174; x_wconf 88' lang='lat' dir='ltr'>audita</span> <span class='ocrx_word' id='word_1_79' title='bbox 252 1110 362 1194; x_wconf 79' lang='lat' dir='ltr'>eliqua</span> <span class='ocrx_word' id='word_1_80' title='bbox 382 1131 417 1178; x_wconf 89' lang='lat' dir='ltr'>re</span> <span class='ocrx_word' id='word_1_81' title='bbox 439 1112 532 1192; x_wconf 82' lang='lat' dir='ltr'>quasi</span> <span class='ocrx_word' id='word_1_82' title='bbox 555 1130 595 1178; x_wconf 85' lang='lat' dir='ltr'>ex</span> <span class='ocrx_word' id='word_1_83' title='bbox 609 1113 772 1193; x_wconf 82' lang='lat' dir='ltr'>praesenti</span> <span class='ocrx_word' id='word_1_84' title='bbox 786 1131 823 1180; x_wconf 92' lang='lat' dir='ltr'>re</span> <span class='ocrx_word' id='word_1_85' title='bbox 839 1116 972 1196; x_wconf 91' lang='lat' dir='ltr'>cupiunt</span> <span class='ocrx_word' id='word_1_86' title='bbox 986 1135 1181 1200; x_wconf 78' lang='lat' dir='ltr'>cognoscere</span> <span class='ocrx_word' id='word_1_87' title='bbox 1197 1116 1281 1182; x_wconf 90' lang='lat' dir='ltr'>veri-</span> 
     </span>
     <span class='ocr_line' id='line_1_11' title="bbox 121 1209 1281 1293; baseline 0.008 -22"><span class='ocrx_word' id='word_1_88' title='bbox 121 1213 222 1274; x_wconf 87' lang='lat' dir='ltr'>tatem</span> <span class='ocrx_word' id='word_1_89' title='bbox 243 1209 290 1276; x_wconf 92' lang='lat' dir='ltr'>rei</span> <span class='ocrx_word' id='word_1_90' title='bbox 312 1209 367 1289; x_wconf 87' lang='lat' dir='ltr'>ica,</span> <span class='ocrx_word' id='word_1_91' title='bbox 392 1214 428 1276; x_wconf 91' lang='lat' dir='ltr'>ut</span> <span class='ocrx_word' id='word_1_92' title='bbox 450 1210 490 1276; x_wconf 89' lang='lat' dir='ltr'>de</span> <span class='ocrx_word' id='word_1_93' title='bbox 506 1210 685 1292; x_wconf 84' lang='lat' dir='ltr'>suspicione</span> <span class='ocrx_word' id='word_1_94' title='bbox 700 1218 936 1293; x_wconf 80' lang='lat' dir='ltr'>praeoccupata</span> <span class='ocrx_word' id='word_1_95' title='bbox 951 1214 1142 1282; x_wconf 85' lang='lat' dir='ltr'>decernatur</span> <span class='ocrx_word' id='word_1_96' title='bbox 1164 1215 1281 1281; x_wconf 87' lang='lat' dir='ltr'>omnis·</span> 
     </span>
     <span class='ocr_line' id='line_1_12' title="bbox 120 1306 1279 1394; baseline 0.008 -25"><span class='ocrx_word' id='word_1_97' title='bbox 120 1323 184 1385; x_wconf 88' lang='lat' dir='ltr'>que</span> <span class='ocrx_word' id='word_1_98' title='bbox 207 1306 367 1376; x_wconf 88' lang='lat' dir='ltr'>dubitatio</span> <span class='ocrx_word' id='word_1_99' title='bbox 389 1312 600 1377; x_wconf 87' lang='lat' dir='ltr'>removeatur.</span> <span class='ocrx_word' id='word_1_100' title='bbox 646 1307 748 1390; x_wconf 86' lang='lat' dir='ltr'>quue</span> <span class='ocrx_word' id='word_1_101' title='bbox 779 1307 815 1376; x_wconf 89' lang='lat' dir='ltr'>fit</span> <span class='ocrx_word' id='word_1_102' title='bbox 841 1311 977 1380; x_wconf 85' lang='lat' dir='ltr'>maxime</span> <span class='ocrx_word' id='word_1_103' title='bbox 1000 1312 1033 1378; x_wconf 92' lang='lat' dir='ltr'>in</span> <span class='ocrx_word' id='word_1_104' title='bbox 1056 1313 1186 1394; x_wconf 90' lang='lat' dir='ltr'>obliqua</span> <span class='ocrx_word' id='word_1_105' title='bbox 1207 1330 1279 1378; x_wconf 91' lang='lat' dir='ltr'>ora·</span> 
     </span>
     <span class='ocr_line' id='line_1_13' title="bbox 121 1404 1281 1494; baseline 0.005 -24"><span class='ocrx_word' id='word_1_106' title='bbox 121 1404 208 1470; x_wconf 89' lang='lat' dir='ltr'>tione</span> <span class='ocrx_word' id='word_1_107' title='bbox 244 1410 278 1472; x_wconf 91' lang='lat' dir='ltr'>et</span> <span class='ocrx_word' id='word_1_108' title='bbox 312 1407 365 1474; x_wconf 90' lang='lat' dir='ltr'>ubi</span> <span class='ocrx_word' id='word_1_109' title='bbox 397 1427 464 1475; x_wconf 88' lang='lat' dir='ltr'>voc.</span> <span class='ocrx_word' id='word_1_110' title='bbox 498 1411 566 1486; x_wconf 79' lang='lat' dir='ltr'>quic</span> <span class='ocrx_word' id='word_1_111' title='bbox 598 1406 762 1473; x_wconf 81' lang='lat' dir='ltr'>adhaeret.</span> <span class='ocrx_word' id='word_1_112' title='bbox 808 1408 856 1476; x_wconf 94' lang='lat' dir='ltr'>Ob</span> <span class='ocrx_word' id='word_1_113' title='bbox 890 1407 972 1478; x_wconf 90' lang='lat' dir='ltr'>hanc</span> <span class='ocrx_word' id='word_1_114' title='bbox 1004 1410 1067 1478; x_wconf 85' lang='lat' dir='ltr'>rim</span> <span class='ocrx_word' id='word_1_115' title='bbox 1102 1410 1281 1494; x_wconf 84' lang='lat' dir='ltr'>particulae</span> 
     </span>
     <span class='ocr_line' id='line_1_14' title="bbox 121 1501 1280 1588; baseline 0.007 -20"><span class='ocrx_word' id='word_1_116' title='bbox 121 1501 270 1583; x_wconf 83' lang='lat' dir='ltr'>allicitur,</span> <span class='ocrx_word' id='word_1_117' title='bbox 294 1511 331 1571; x_wconf 92' lang='lat' dir='ltr'>ut</span> <span class='ocrx_word' id='word_1_118' title='bbox 352 1506 422 1588; x_wconf 87' lang='lat' dir='ltr'>ipsa</span> <span class='ocrx_word' id='word_1_119' title='bbox 443 1507 609 1588; x_wconf 88' lang='lat' dir='ltr'>proprium</span> <span class='ocrx_word' id='word_1_120' title='bbox 632 1506 737 1572; x_wconf 87' lang='lat' dir='ltr'>locum</span> <span class='ocrx_word' id='word_1_121' title='bbox 759 1506 905 1574; x_wconf 87' lang='lat' dir='ltr'>obtineat</span> <span class='ocrx_word' id='word_1_122' title='bbox 926 1509 959 1578; x_wconf 89' lang='lat' dir='ltr'>iu</span> <span class='ocrx_word' id='word_1_123' title='bbox 980 1509 1092 1576; x_wconf 90' lang='lat' dir='ltr'>ironia.</span> <span class='ocrx_word' id='word_1_124' title='bbox 1143 1509 1202 1574; x_wconf 90' lang='lat' dir='ltr'>Ille</span> <span class='ocrx_word' id='word_1_125' title='bbox 1225 1508 1280 1576; x_wconf 90' lang='lat' dir='ltr'>de·</span> 
     </span>
     <span class='ocr_line' id='line_1_15' title="bbox 120 1601 1281 1686; baseline 0.007 -20"><span class='ocrx_word' id='word_1_126' title='bbox 120 1601 271 1682; x_wconf 86' lang='lat' dir='ltr'>signandi</span> <span class='ocrx_word' id='word_1_127' title='bbox 293 1605 406 1672; x_wconf 83' lang='lat' dir='ltr'>modun</span> <span class='ocrx_word' id='word_1_128' title='bbox 434 1605 575 1671; x_wconf 89' lang='lat' dir='ltr'>relartur</span> <span class='ocrx_word' id='word_1_129' title='bbox 604 1604 645 1669; x_wconf 87' lang='lat' dir='ltr'>ad</span> <span class='ocrx_word' id='word_1_130' title='bbox 669 1609 796 1685; x_wconf 89' lang='lat' dir='ltr'>tempus</span> <span class='ocrx_word' id='word_1_131' title='bbox 823 1623 978 1686; x_wconf 77' lang='lat' dir='ltr'>praesens</span> <span class='ocrx_word' id='word_1_132' title='bbox 1007 1615 1065 1674; x_wconf 92' lang='lat' dir='ltr'>aut</span> <span class='ocrx_word' id='word_1_133' title='bbox 1094 1609 1136 1674; x_wconf 90' lang='lat' dir='ltr'>ad</span> <span class='ocrx_word' id='word_1_134' title='bbox 1157 1625 1227 1674; x_wconf 89' lang='lat' dir='ltr'>rem</span> <span class='ocrx_word' id='word_1_135' title='bbox 1248 1607 1281 1674; x_wconf 91' lang='grc'>16</span> 
     </span>
     <span class='ocr_line' id='line_1_16' title="bbox 119 1702 1282 1788; baseline 0.005 -24"><span class='ocrx_word' id='word_1_136' title='bbox 119 1703 266 1782; x_wconf 87' lang='lat' dir='ltr'>tempore</span> <span class='ocrx_word' id='word_1_137' title='bbox 288 1707 537 1783; x_wconf 88' lang='lat' dir='ltr'>permanentem,</span> <span class='ocrx_word' id='word_1_138' title='bbox 562 1704 616 1770; x_wconf 93' lang='lat' dir='ltr'>uhi</span> <span class='ocrx_word' id='word_1_139' title='bbox 639 1703 793 1768; x_wconf 89' lang='lat' dir='ltr'>Germani</span> <span class='ocrx_word' id='word_1_140' title='bbox 809 1702 919 1770; x_wconf 91' lang='lat' dir='ltr'>dicunt</span> <span class='ocrx_word' id='word_1_141' title='bbox 942 1705 1035 1788; x_wconf 69' lang='lat' dir='ltr'>norb.</span> <span class='ocrx_word' id='word_1_142' title='bbox 1066 1707 1282 1788; x_wconf 84' lang='lat' dir='ltr'>Frequentior</span> 
     </span>
     <span class='ocr_line' id='line_1_17' title="bbox 117 1799 1280 1886; baseline 0.002 -20"><span class='ocrx_word' id='word_1_143' title='bbox 117 1805 230 1866; x_wconf 86' lang='lat' dir='ltr'>tamen</span> <span class='ocrx_word' id='word_1_144' title='bbox 250 1801 278 1868; x_wconf 87' lang='lat' dir='ltr'>is</span> <span class='ocrx_word' id='word_1_145' title='bbox 301 1807 351 1868; x_wconf 87' lang='lat' dir='ltr'>est</span> <span class='ocrx_word' id='word_1_146' title='bbox 372 1819 460 1882; x_wconf 86' lang='grc'><strong>6666,</strong></span> <span class='ocrx_word' id='word_1_147' title='bbox 483 1821 546 1886; x_wconf 91' lang='lat' dir='ltr'>quo</span> <span class='ocrx_word' id='word_1_148' title='bbox 568 1821 640 1866; x_wconf 79' lang='lat' dir='ltr'>mam</span> <span class='ocrx_word' id='word_1_149' title='bbox 662 1801 685 1866; x_wconf 94' lang='lat' dir='ltr'>ii</span> <span class='ocrx_word' id='word_1_150' title='bbox 708 1799 827 1882; x_wconf 89' lang='lat' dir='ltr'>dicunt,</span> <span class='ocrx_word' id='word_1_151' title='bbox 851 1802 906 1882; x_wconf 91' lang='lat' dir='ltr'>qui</span> <span class='ocrx_word' id='word_1_152' title='bbox 926 1807 1114 1884; x_wconf 81' lang='lat' dir='ltr'>exspectant</span> <span class='ocrx_word' id='word_1_153' title='bbox 1135 1805 1280 1886; x_wconf 83' lang='lat' dir='ltr'>negatio-</span> 
     </span>
     <span class='ocr_line' id='line_1_18' title="bbox 87 1897 1282 1982; baseline 0.004 -21"><span class='ocrx_word' id='word_1_154' title='bbox 87 1935 91 1938; x_wconf 97' lang='grc'>-</span> <span class='ocrx_word' id='word_1_155' title='bbox 119 1915 193 1962; x_wconf 87' lang='lat' dir='ltr'>nem</span> <span class='ocrx_word' id='word_1_156' title='bbox 207 1898 274 1966; x_wconf 85' lang='lat' dir='ltr'>sire</span> <span class='ocrx_word' id='word_1_157' title='bbox 285 1899 550 1981; x_wconf 91' lang='lat' dir='ltr'>improbationem</span> <span class='ocrx_word' id='word_1_158' title='bbox 564 1900 742 1968; x_wconf 83' lang='lat' dir='ltr'>sententiaa</span> <span class='ocrx_word' id='word_1_159' title='bbox 754 1897 937 1968; x_wconf 90' lang='lat' dir='ltr'>declaratae</span> <span class='ocrx_word' id='word_1_160' title='bbox 953 1919 1087 1982; x_wconf 90' lang='lat' dir='ltr'>eamque</span> <span class='ocrx_word' id='word_1_161' title='bbox 1102 1902 1165 1968; x_wconf 94' lang='lat' dir='ltr'>iam</span> <span class='ocrx_word' id='word_1_162' title='bbox 1178 1902 1282 1968; x_wconf 90' lang='lat' dir='ltr'>animo</span> 
     </span>
     <span class='ocr_line' id='line_1_19' title="bbox 119 1997 1283 2080; baseline 0.005 -20"><span class='ocrx_word' id='word_1_163' title='bbox 119 2003 309 2077; x_wconf 88' lang='lat' dir='ltr'>occupatam</span> <span class='ocrx_word' id='word_1_164' title='bbox 329 1998 457 2064; x_wconf 89' lang='lat' dir='ltr'>habent.</span> <span class='ocrx_word' id='word_1_165' title='bbox 485 1997 608 2062; x_wconf 89' lang='lat' dir='ltr'>Horum</span> <span class='ocrx_word' id='word_1_166' title='bbox 625 2015 779 2080; x_wconf 82' lang='lat' dir='ltr'>genarum</span> <span class='ocrx_word' id='word_1_167' title='bbox 796 1998 942 2080; x_wconf 85' lang='lat' dir='ltr'>exempla</span> <span class='ocrx_word' id='word_1_168' title='bbox 955 2001 1019 2066; x_wconf 90' lang='lat' dir='ltr'>iam</span> <span class='ocrx_word' id='word_1_169' title='bbox 1035 2003 1118 2067; x_wconf 86' lang='lat' dir='ltr'>inter</span> <span class='ocrx_word' id='word_1_170' title='bbox 1132 2019 1167 2068; x_wconf 88' lang='grc'>66</span> <span class='ocrx_word' id='word_1_171' title='bbox 1183 2000 1283 2067; x_wconf 83' lang='lat' dir='ltr'>nriuta</span> 
     </span>
     <span class='ocr_line' id='line_1_20' title="bbox 121 2093 293 2173; baseline 0.023 -15"><span class='ocrx_word' id='word_1_172' title='bbox 121 2093 293 2173; x_wconf 86' lang='lat' dir='ltr'>proieram.</span> 
     </span>
    </p>

    <p class='ocr_par' dir='ltr' id='par_1_3' title="bbox 120 2192 1359 4032">
     <span class='ocr_line' id='line_1_21' title="bbox 208 2192 1280 2271; baseline 0 -13"><span class='ocrx_word' id='word_1_173' title='bbox 208 2212 236 2258; x_wconf 91' lang='lat' dir='ltr'>a.</span> <span class='ocrx_word' id='word_1_174' title='bbox 280 2195 378 2262; x_wconf 78' lang='lat' dir='ltr'>Naar.</span> <span class='ocrx_word' id='word_1_175' title='bbox 402 2193 439 2262; x_wconf 87' lang='lat' dir='ltr'>fr.</span> <span class='ocrx_word' id='word_1_176' title='bbox 464 2200 483 2260; x_wconf 80' lang='lat' dir='ltr'>b</span> <span class='ocrx_word' id='word_1_177' title='bbox 508 2195 553 2271; x_wconf 82' lang='lat'>(7)</span> <span class='ocrx_word' id='word_1_178' title='bbox 578 2192 786 2261; x_wconf 75' lang='lat' dir='ltr'>Corollariae:</span> <span class='ocrx_word' id='word_1_179' title='bbox 821 2197 903 2260; x_wconf 81' lang='lat' dir='ltr'>Nam</span> <span class='ocrx_word' id='word_1_180' title='bbox 930 2217 988 2259; x_wconf 87' lang='lat' dir='ltr'>aon</span> <span class='ocrx_word' id='word_1_181' title='bbox 1018 2202 1061 2264; x_wconf 84' lang='lat' dir='ltr'>via</span> <span class='ocrx_word' id='word_1_182' title='bbox 1088 2216 1226 2260; x_wconf 85' lang='lat' dir='ltr'>moneam</span> <span class='ocrx_word' id='word_1_183' title='bbox 1251 2207 1280 2260; x_wconf 89' lang='lat' dir='ltr'>te</span> 
     </span>
     <span class='ocr_line' id='line_1_22' title="bbox 122 2291 1281 2376; baseline -0.001 -20"><span class='ocrx_word' id='word_1_184' title='bbox 122 2311 224 2369; x_wconf 86' lang='lat' dir='ltr'>uuum,</span> <span class='ocrx_word' id='word_1_185' title='bbox 249 2298 274 2356; x_wconf 82' lang='lat' dir='ltr'>ai</span> <span class='ocrx_word' id='word_1_186' title='bbox 298 2297 424 2369; x_wconf 77' lang='lat' dir='ltr'>uidetur,</span> <span class='ocrx_word' id='word_1_187' title='bbox 449 2294 622 2372; x_wconf 80' lang='lat' dir='ltr'>quippiam?</span> <span class='ocrx_word' id='word_1_188' title='bbox 668 2291 770 2359; x_wconf 82' lang='lat' dir='ltr'>Plaut</span> <span class='ocrx_word' id='word_1_189' title='bbox 795 2294 977 2375; x_wconf 82' lang='lat' dir='ltr'>amphil,</span> <span class='ocrx_word' id='word_1_190' title='bbox 1006 2303 1031 2376; x_wconf 90' lang='lat' dir='ltr'>l,</span> <span class='ocrx_word' id='word_1_191' title='bbox 1056 2301 1113 2360; x_wconf 83' lang='lat'>73:</span> <span class='ocrx_word' id='word_1_192' title='bbox 1135 2315 1207 2356; x_wconf 81' lang='lat' dir='ltr'>mum</span> <span class='ocrx_word' id='word_1_193' title='bbox 1230 2298 1281 2356; x_wconf 92' lang='lat' dir='ltr'>ch·</span> 
     </span>
     <span class='ocr_line' id='line_1_23' title="bbox 121 2391 1283 2472; baseline 0.003 -21"><span class='ocrx_word' id='word_1_194' title='bbox 121 2393 291 2456; x_wconf 79' lang='lat' dir='ltr'>dormivisti</span> <span class='ocrx_word' id='word_1_195' title='bbox 324 2394 453 2458; x_wconf 78' lang='lat' dir='ltr'>dudum?</span> <span class='ocrx_word' id='word_1_196' title='bbox 497 2399 531 2472; x_wconf 82' lang='lat'>2,</span> <span class='ocrx_word' id='word_1_197' title='bbox 571 2396 646 2458; x_wconf 82' lang='lat'>121:</span> <span class='ocrx_word' id='word_1_198' title='bbox 686 2411 759 2456; x_wconf 81' lang='lat' dir='ltr'>mam</span> <span class='ocrx_word' id='word_1_199' title='bbox 799 2401 832 2456; x_wconf 89' lang='lat' dir='ltr'>tu</span> <span class='ocrx_word' id='word_1_200' title='bbox 869 2411 984 2472; x_wconf 81' lang='lat' dir='ltr'>quoquc</span> <span class='ocrx_word' id='word_1_201' title='bbox 1017 2398 1107 2460; x_wconf 86' lang='lat' dir='ltr'>atium</span> <span class='ocrx_word' id='word_1_202' title='bbox 1143 2391 1283 2456; x_wconf 82' lang='lat' dir='ltr'>insanis?</span> 
     </span>
     <span class='ocr_line' id='line_1_24' title="bbox 122 2487 1281 2572; baseline -0.001 -18"><span class='ocrx_word' id='word_1_203' title='bbox 122 2488 214 2554; x_wconf 88' lang='lat' dir='ltr'>Asin.</span> <span class='ocrx_word' id='word_1_204' title='bbox 237 2487 269 2570; x_wconf 97' lang='lat' dir='ltr'>I,</span> <span class='ocrx_word' id='word_1_205' title='bbox 294 2496 329 2570; x_wconf 92' lang='lat'>1,</span> <span class='ocrx_word' id='word_1_206' title='bbox 354 2495 402 2558; x_wconf 89' lang='grc'>16.</span> <span class='ocrx_word' id='word_1_207' title='bbox 432 2490 496 2572; x_wconf 89' lang='lat'>111,</span> <span class='ocrx_word' id='word_1_208' title='bbox 521 2494 556 2570; x_wconf 84' lang='lat'>2,</span> <span class='ocrx_word' id='word_1_209' title='bbox 580 2494 631 2556; x_wconf 81' lang='lat'>29·</span> <span class='ocrx_word' id='word_1_210' title='bbox 654 2488 726 2554; x_wconf 80' lang='lat' dir='ltr'>tui.</span> <span class='ocrx_word' id='word_1_211' title='bbox 749 2487 791 2570; x_wconf 90' lang='lat'>11,</span> <span class='ocrx_word' id='word_1_212' title='bbox 814 2496 844 2571; x_wconf 85' lang='lat'>2,</span> <span class='ocrx_word' id='word_1_213' title='bbox 867 2494 921 2556; x_wconf 83' lang='grc'>666</span> <span class='ocrx_word' id='word_1_214' title='bbox 948 2494 1032 2556; x_wconf 83' lang='lat' dir='ltr'>Num</span> <span class='ocrx_word' id='word_1_215' title='bbox 1054 2511 1109 2569; x_wconf 79' lang='lat' dir='ltr'>ego</span> <span class='ocrx_word' id='word_1_216' title='bbox 1132 2489 1281 2568; x_wconf 85' lang='lat' dir='ltr'>disperii?</span> 
     </span>
     <span class='ocr_line' id='line_1_25' title="bbox 120 2577 1282 2673; baseline 0 -21"><span class='ocrx_word' id='word_1_217' title='bbox 120 2586 180 2664; x_wconf 89' lang='lat' dir='ltr'>(sic</span> <span class='ocrx_word' id='word_1_218' title='bbox 202 2587 400 2658; x_wconf 83' lang='lat' dir='ltr'>Fleckeisen.</span> <span class='ocrx_word' id='word_1_219' title='bbox 423 2607 525 2657; x_wconf 78' lang='lat' dir='ltr'>exerc</span> <span class='ocrx_word' id='word_1_220' title='bbox 548 2587 651 2654; x_wconf 87' lang='lat' dir='ltr'>Plaut</span> <span class='ocrx_word' id='word_1_221' title='bbox 667 2605 697 2668; x_wconf 90' lang='lat' dir='ltr'>p.</span> <span class='ocrx_word' id='word_1_222' title='bbox 715 2593 764 2652; x_wconf 82' lang='lat'>24.</span> <span class='ocrx_word' id='word_1_223' title='bbox 792 2589 840 2669; x_wconf 87' lang='lat' dir='ltr'>Ap</span> <span class='ocrx_word' id='word_1_224' title='bbox 863 2607 934 2654; x_wconf 82' lang='grc'><strong>666.</strong></span> <span class='ocrx_word' id='word_1_225' title='bbox 958 2589 1064 2673; x_wconf 81' lang='lat' dir='ltr'>Vulgo</span> <span class='ocrx_word' id='word_1_226' title='bbox 1084 2577 1166 2669; x_wconf 76' lang='grc'><strong>666).</strong></span> <span class='ocrx_word' id='word_1_227' title='bbox 1191 2587 1282 2668; x_wconf 76' lang='lat' dir='ltr'>capt.</span> 
     </span>
     <span class='ocr_line' id='line_1_26' title="bbox 120 2683 1282 2767; baseline 0.005 -19"><span class='ocrx_word' id='word_1_228' title='bbox 120 2683 147 2762; x_wconf 80' lang='lat' dir='ltr'>l,</span> <span class='ocrx_word' id='word_1_229' title='bbox 173 2691 204 2766; x_wconf 87' lang='lat'>2,</span> <span class='ocrx_word' id='word_1_230' title='bbox 230 2691 286 2756; x_wconf 84' lang='grc'>696</span> <span class='ocrx_word' id='word_1_231' title='bbox 322 2691 375 2752; x_wconf 88' lang='lat' dir='ltr'>Sat</span> <span class='ocrx_word' id='word_1_232' title='bbox 401 2707 532 2765; x_wconf 80' lang='lat' dir='ltr'>mumque</span> <span class='ocrx_word' id='word_1_233' title='bbox 559 2686 641 2752; x_wconf 83' lang='lat' dir='ltr'>foras</span> <span class='ocrx_word' id='word_1_234' title='bbox 665 2689 796 2752; x_wconf 86' lang='lat' dir='ltr'>Vocatus</span> <span class='ocrx_word' id='word_1_235' title='bbox 824 2688 884 2767; x_wconf 91' lang='grc'><strong>[66]</strong></span> <span class='ocrx_word' id='word_1_236' title='bbox 911 2692 948 2752; x_wconf 88' lang='lat' dir='ltr'>ad</span> <span class='ocrx_word' id='word_1_237' title='bbox 977 2689 1102 2754; x_wconf 79' lang='lat' dir='ltr'>canam?</span> <span class='ocrx_word' id='word_1_238' title='bbox 1147 2687 1221 2766; x_wconf 67' lang='lat' dir='ltr'>Cat,</span> <span class='ocrx_word' id='word_1_239' title='bbox 1243 2687 1282 2765; x_wconf 87' lang='lat'>11,</span> 
     </span>
     <span class='ocr_line' id='line_1_27' title="bbox 121 2783 1283 2866; baseline 0 -18"><span class='ocrx_word' id='word_1_240' title='bbox 121 2785 160 2866; x_wconf 89' lang='grc'>6,</span> <span class='ocrx_word' id='word_1_241' title='bbox 186 2789 243 2850; x_wconf 84' lang='lat'>70:</span> <span class='ocrx_word' id='word_1_242' title='bbox 276 2789 430 2866; x_wconf 83' lang='lat' dir='ltr'>Numquid</span> <span class='ocrx_word' id='word_1_243' title='bbox 454 2785 574 2850; x_wconf 77' lang='lat' dir='ltr'>moror?</span> <span class='ocrx_word' id='word_1_244' title='bbox 619 2783 734 2850; x_wconf 84' lang='lat' dir='ltr'>Bacch.</span> <span class='ocrx_word' id='word_1_245' title='bbox 757 2784 802 2863; x_wconf 92' lang='lat' dir='ltr'>Il,</span> <span class='ocrx_word' id='word_1_246' title='bbox 828 2791 861 2866; x_wconf 87' lang='grc'>2,</span> <span class='ocrx_word' id='word_1_247' title='bbox 886 2791 942 2852; x_wconf 79' lang='lat'>34:</span> <span class='ocrx_word' id='word_1_248' title='bbox 975 2789 1058 2853; x_wconf 78' lang='lat' dir='ltr'>Num</span> <span class='ocrx_word' id='word_1_249' title='bbox 1087 2790 1196 2852; x_wconf 81' lang='lat' dir='ltr'>inritus</span> <span class='ocrx_word' id='word_1_250' title='bbox 1220 2803 1283 2848; x_wconf 86' lang='lat' dir='ltr'>rem</span> 
     </span>
     <span class='ocr_line' id='line_1_28' title="bbox 121 2881 1284 2963; baseline -0.001 -17"><span class='ocrx_word' id='word_1_251' title='bbox 121 2886 201 2950; x_wconf 86' lang='grc'><strong>6666</strong></span> <span class='ocrx_word' id='word_1_252' title='bbox 225 2895 339 2962; x_wconf 82' lang='lat' dir='ltr'>gestam</span> <span class='ocrx_word' id='word_1_253' title='bbox 361 2889 446 2948; x_wconf 80' lang='lat' dir='ltr'>audis</span> <span class='ocrx_word' id='word_1_254' title='bbox 470 2887 537 2950; x_wconf 79' lang='lat' dir='ltr'>ari?</span> <span class='ocrx_word' id='word_1_255' title='bbox 563 2881 623 2961; x_wconf 90' lang='grc' dir='ltr'><strong>ΙΙΙ,</strong></span> <span class='ocrx_word' id='word_1_256' title='bbox 636 2887 667 2962; x_wconf 91' lang='grc'>6,</span> <span class='ocrx_word' id='word_1_257' title='bbox 691 2890 727 2950; x_wconf 89' lang='lat'>9:</span> <span class='ocrx_word' id='word_1_258' title='bbox 749 2886 909 2963; x_wconf 84' lang='lat' dir='ltr'>Numquae</span> <span class='ocrx_word' id='word_1_259' title='bbox 933 2889 1104 2955; x_wconf 83' lang='lat' dir='ltr'>advenienti</span> <span class='ocrx_word' id='word_1_260' title='bbox 1127 2886 1284 2963; x_wconf 80' lang='lat' dir='ltr'>aegritudo</span> 
     </span>
     <span class='ocr_line' id='line_1_29' title="bbox 121 2981 1285 3062; baseline 0 -18"><span class='ocrx_word' id='word_1_261' title='bbox 121 2983 299 3049; x_wconf 77' lang='lat' dir='ltr'>obiectast?</span> <span class='ocrx_word' id='word_1_262' title='bbox 358 2981 413 3062; x_wconf 88' lang='lat' dir='ltr'>IV,</span> <span class='ocrx_word' id='word_1_263' title='bbox 447 2989 484 3062; x_wconf 90' lang='grc'>4,</span> <span class='ocrx_word' id='word_1_264' title='bbox 523 2987 576 3046; x_wconf 79' lang='lat' dir='ltr'>ll:</span> <span class='ocrx_word' id='word_1_265' title='bbox 612 2983 747 3058; x_wconf 79' lang='lat' dir='ltr'>Numqui</span> <span class='ocrx_word' id='word_1_266' title='bbox 764 3049 766 3056; x_wconf 56' lang='grc'><strong>,</strong></span> <span class='ocrx_word' id='word_1_267' title='bbox 784 2986 839 3046; x_wconf 89' lang='lat' dir='ltr'>tibi</span> <span class='ocrx_word' id='word_1_268' title='bbox 873 2987 984 3048; x_wconf 88' lang='lat' dir='ltr'>nummi</span> <span class='ocrx_word' id='word_1_269' title='bbox 1016 2986 1193 3048; x_wconf 85' lang='lat' dir='ltr'>exciderunt</span> <span class='ocrx_word' id='word_1_270' title='bbox 1218 2981 1285 3045; x_wconf 77' lang='lat' dir='ltr'>-i</span> 
     </span>
     <span class='ocr_line' id='line_1_30' title="bbox 121 3077 1359 3172; baseline 0.001 -30"><span class='ocrx_word' id='word_1_271' title='bbox 121 3077 243 3146; x_wconf 80' lang='lat' dir='ltr'>Pseud.</span> <span class='ocrx_word' id='word_1_272' title='bbox 267 3081 293 3161; x_wconf 92' lang='lat' dir='ltr'>I,</span> <span class='ocrx_word' id='word_1_273' title='bbox 317 3087 345 3161; x_wconf 82' lang='lat'>5,</span> <span class='ocrx_word' id='word_1_274' title='bbox 371 3086 425 3146; x_wconf 81' lang='lat' dir='ltr'>oi:</span> <span class='ocrx_word' id='word_1_275' title='bbox 448 3083 531 3144; x_wconf 85' lang='lat' dir='ltr'>Num</span> <span class='ocrx_word' id='word_1_276' title='bbox 554 3083 609 3144; x_wconf 87' lang='lat' dir='ltr'>tibi</span> <span class='ocrx_word' id='word_1_277' title='bbox 630 3083 740 3146; x_wconf 85' lang='lat' dir='ltr'>Mirum</span> <span class='ocrx_word' id='word_1_278' title='bbox 761 3083 793 3145; x_wconf 87' lang='lat' dir='ltr'>id</span> <span class='ocrx_word' id='word_1_279' title='bbox 817 3083 959 3146; x_wconf 80' lang='lat' dir='ltr'>ridetur?</span> <span class='ocrx_word' id='word_1_280' title='bbox 1003 3081 1096 3148; x_wconf 86' lang='lat' dir='ltr'>Truc.</span> <span class='ocrx_word' id='word_1_281' title='bbox 1120 3080 1163 3160; x_wconf 92' lang='lat'>11,</span> <span class='ocrx_word' id='word_1_282' title='bbox 1180 3087 1210 3159; x_wconf 86' lang='lat'>4,</span> <span class='ocrx_word' id='word_1_283' title='bbox 1227 3085 1285 3144; x_wconf 87' lang='grc'>286</span> <span class='ocrx_word' id='word_1_284' title='bbox 1351 3155 1359 3172; x_wconf 70' lang='lat'>.</span> 
     </span>
     <span class='ocr_line' id='line_1_31' title="bbox 120 3179 1289 3258; baseline -0.003 -16"><span class='ocrx_word' id='word_1_285' title='bbox 120 3179 210 3242; x_wconf 77' lang='lat' dir='ltr'>Num</span> <span class='ocrx_word' id='word_1_286' title='bbox 233 3182 287 3241; x_wconf 86' lang='lat' dir='ltr'>tihi</span> <span class='ocrx_word' id='word_1_287' title='bbox 310 3182 432 3244; x_wconf 84' lang='lat' dir='ltr'>sordere</span> <span class='ocrx_word' id='word_1_288' title='bbox 457 3180 584 3251; x_wconf 78' lang='lat' dir='ltr'>videor?</span> <span class='ocrx_word' id='word_1_289' title='bbox 627 3182 658 3256; x_wconf 89' lang='grc'>6,</span> <span class='ocrx_word' id='word_1_290' title='bbox 682 3183 714 3244; x_wconf 83' lang='grc'>96</span> <span class='ocrx_word' id='word_1_291' title='bbox 748 3181 831 3244; x_wconf 77' lang='lat' dir='ltr'>Num</span> <span class='ocrx_word' id='word_1_292' title='bbox 860 3182 1011 3258; x_wconf 88' lang='lat' dir='ltr'>quidpiam</span> <span class='ocrx_word' id='word_1_293' title='bbox 1042 3197 1162 3244; x_wconf 84' lang='lat' dir='ltr'>ararum</span> <span class='ocrx_word' id='word_1_294' title='bbox 1192 3185 1289 3240; x_wconf 84' lang='lat' dir='ltr'>mutat</span> 
     </span>
     <span class='ocr_line' id='line_1_32' title="bbox 123 3275 1285 3357; baseline 0 -18"><span class='ocrx_word' id='word_1_295' title='bbox 123 3296 243 3340; x_wconf 87' lang='lat' dir='ltr'>morem</span> <span class='ocrx_word' id='word_1_296' title='bbox 264 3278 444 3344; x_wconf 77' lang='lat' dir='ltr'>mulierum?</span> <span class='ocrx_word' id='word_1_297' title='bbox 487 3276 543 3357; x_wconf 84' lang='lat' dir='ltr'>lv,</span> <span class='ocrx_word' id='word_1_298' title='bbox 567 3281 597 3357; x_wconf 92' lang='grc'>2,</span> <span class='ocrx_word' id='word_1_299' title='bbox 624 3281 676 3342; x_wconf 87' lang='grc'>116</span> <span class='ocrx_word' id='word_1_300' title='bbox 699 3295 772 3341; x_wconf 82' lang='lat' dir='ltr'>mmm</span> <span class='ocrx_word' id='word_1_301' title='bbox 793 3297 860 3342; x_wconf 90' lang='lat' dir='ltr'>mea</span> <span class='ocrx_word' id='word_1_302' title='bbox 882 3279 998 3342; x_wconf 78' lang='lat' dir='ltr'>refert?</span> <span class='ocrx_word' id='word_1_303' title='bbox 1034 3277 1164 3343; x_wconf 85' lang='lat' dir='ltr'>Terent.</span> <span class='ocrx_word' id='word_1_304' title='bbox 1187 3275 1285 3342; x_wconf 82' lang='lat' dir='ltr'>Andr.</span> 
     </span>
     <span class='ocr_line' id='line_1_33' title="bbox 124 3369 1289 3456; baseline -0.003 -16"><span class='ocrx_word' id='word_1_305' title='bbox 124 3372 165 3455; x_wconf 93' lang='lat' dir='ltr'>V,</span> <span class='ocrx_word' id='word_1_306' title='bbox 192 3381 223 3456; x_wconf 84' lang='lat'>3,</span> <span class='ocrx_word' id='word_1_307' title='bbox 247 3380 280 3440; x_wconf 87' lang='lat'>6:</span> <span class='ocrx_word' id='word_1_308' title='bbox 301 3374 384 3440; x_wconf 79' lang='lat' dir='ltr'>Num</span> <span class='ocrx_word' id='word_1_309' title='bbox 406 3379 519 3454; x_wconf 81' lang='lat' dir='ltr'>cogitat</span> <span class='ocrx_word' id='word_1_310' title='bbox 542 3377 613 3454; x_wconf 87' lang='lat' dir='ltr'>quid</span> <span class='ocrx_word' id='word_1_311' title='bbox 637 3369 740 3442; x_wconf 82' lang='lat' dir='ltr'>dicat?</span> <span class='ocrx_word' id='word_1_312' title='bbox 770 3395 843 3438; x_wconf 86' lang='lat' dir='ltr'>aum</span> <span class='ocrx_word' id='word_1_313' title='bbox 864 3377 938 3440; x_wconf 85' lang='lat' dir='ltr'>iacti</span> <span class='ocrx_word' id='word_1_314' title='bbox 960 3376 1066 3453; x_wconf 76' lang='lat' dir='ltr'>piget?</span> <span class='ocrx_word' id='word_1_315' title='bbox 1112 3378 1187 3438; x_wconf 88' lang='lat' dir='ltr'>Vide</span> <span class='ocrx_word' id='word_1_316' title='bbox 1217 3394 1289 3438; x_wconf 85' lang='lat' dir='ltr'>mam</span> 
     </span>
     <span class='ocr_line' id='line_1_34' title="bbox 123 3471 1290 3555; baseline -0.002 -19"><span class='ocrx_word' id='word_1_317' title='bbox 123 3477 194 3538; x_wconf 85' lang='lat' dir='ltr'>eiua</span> <span class='ocrx_word' id='word_1_318' title='bbox 219 3479 302 3538; x_wconf 93' lang='lat' dir='ltr'>cclor</span> <span class='ocrx_word' id='word_1_319' title='bbox 324 3477 447 3553; x_wconf 87' lang='lat' dir='ltr'>pudoris</span> <span class='ocrx_word' id='word_1_320' title='bbox 471 3479 586 3554; x_wconf 79' lang='lat' dir='ltr'>signum</span> <span class='ocrx_word' id='word_1_321' title='bbox 610 3493 733 3553; x_wconf 88' lang='lat' dir='ltr'>nsquam</span> <span class='ocrx_word' id='word_1_322' title='bbox 748 3477 870 3537; x_wconf 86' lang='lat' dir='ltr'>indicat.</span> <span class='ocrx_word' id='word_1_323' title='bbox 902 3474 981 3538; x_wconf 87' lang='lat' dir='ltr'>Eun.</span> <span class='ocrx_word' id='word_1_324' title='bbox 997 3471 1041 3555; x_wconf 89' lang='lat'>11,</span> <span class='ocrx_word' id='word_1_325' title='bbox 1057 3478 1086 3553; x_wconf 88' lang='grc'><strong>2,</strong></span> <span class='ocrx_word' id='word_1_326' title='bbox 1112 3477 1169 3538; x_wconf 89' lang='grc'>526</span> <span class='ocrx_word' id='word_1_327' title='bbox 1193 3475 1290 3536; x_wconf 85' lang='lat' dir='ltr'>Num·</span> 
     </span>
     <span class='ocr_line' id='line_1_35' title="bbox 123 3571 1289 3652; baseline -0.001 -16"><span class='ocrx_word' id='word_1_328' title='bbox 123 3591 219 3651; x_wconf 88' lang='lat' dir='ltr'>quem</span> <span class='ocrx_word' id='word_1_329' title='bbox 242 3577 363 3638; x_wconf 77' lang='lat' dir='ltr'>avocari</span> <span class='ocrx_word' id='word_1_330' title='bbox 385 3577 454 3637; x_wconf 90' lang='lat' dir='ltr'>hinc</span> <span class='ocrx_word' id='word_1_331' title='bbox 478 3577 522 3637; x_wconf 83' lang='lat' dir='ltr'>via</span> <span class='ocrx_word' id='word_1_332' title='bbox 546 3573 651 3638; x_wconf 77' lang='lat' dir='ltr'>lonas?</span> <span class='ocrx_word' id='word_1_333' title='bbox 696 3571 752 3651; x_wconf 89' lang='lat' dir='ltr'>IV,</span> <span class='ocrx_word' id='word_1_334' title='bbox 777 3576 806 3651; x_wconf 83' lang='lat'>3,</span> <span class='ocrx_word' id='word_1_335' title='bbox 830 3576 886 3638; x_wconf 91' lang='grc'>216</span> <span class='ocrx_word' id='word_1_336' title='bbox 911 3576 982 3636; x_wconf 83' lang='lat' dir='ltr'>Visa</span> <span class='ocrx_word' id='word_1_337' title='bbox 1007 3576 1122 3652; x_wconf 86' lang='lat' dir='ltr'>amabo,</span> <span class='ocrx_word' id='word_1_338' title='bbox 1145 3591 1218 3636; x_wconf 80' lang='lat' dir='ltr'>mam</span> <span class='ocrx_word' id='word_1_339' title='bbox 1240 3576 1289 3635; x_wconf 83' lang='lat' dir='ltr'>sit.</span> 
     </span>
     <span class='ocr_line' id='line_1_36' title="bbox 124 3668 1292 3752; baseline -0.003 -16"><span class='ocrx_word' id='word_1_340' title='bbox 124 3675 157 3752; x_wconf 89' lang='grc'>6,</span> <span class='ocrx_word' id='word_1_341' title='bbox 186 3675 240 3735; x_wconf 87' lang='grc'>186</span> <span class='ocrx_word' id='word_1_342' title='bbox 263 3673 345 3734; x_wconf 89' lang='lat' dir='ltr'>Num</span> <span class='ocrx_word' id='word_1_343' title='bbox 367 3673 578 3736; x_wconf 76' lang='lat' dir='ltr'>formidolosus</span> <span class='ocrx_word' id='word_1_344' title='bbox 602 3673 729 3734; x_wconf 88' lang='lat' dir='ltr'>obsecro</span> <span class='ocrx_word' id='word_1_345' title='bbox 753 3689 800 3747; x_wconf 86' lang='lat' dir='ltr'>ea,</span> <span class='ocrx_word' id='word_1_346' title='bbox 828 3674 869 3734; x_wconf 88' lang='lat' dir='ltr'>mi</span> <span class='ocrx_word' id='word_1_347' title='bbox 891 3671 1067 3736; x_wconf 67' lang='grc'><strong>166662-</strong></span> <span class='ocrx_word' id='word_1_348' title='bbox 1087 3668 1155 3736; x_wconf 83' lang='lat' dir='ltr'>GH.</span> <span class='ocrx_word' id='word_1_349' title='bbox 1178 3676 1292 3732; x_wconf 75' lang='lat' dir='ltr'>amosa</span> 
     </span>
     <span class='ocr_line' id='line_1_37' title="bbox 123 3767 1290 3854; baseline -0.003 -19"><span class='ocrx_word' id='word_1_350' title='bbox 123 3773 282 3835; x_wconf 90' lang='lat' dir='ltr'>homiuum</span> <span class='ocrx_word' id='word_1_351' title='bbox 306 3774 356 3848; x_wconf 90' lang='lat' dir='ltr'>qui</span> <span class='ocrx_word' id='word_1_352' title='bbox 378 3773 459 3834; x_wconf 80' lang='lat' dir='ltr'>vivat</span> <span class='ocrx_word' id='word_1_353' title='bbox 481 3774 588 3835; x_wconf 88' lang='lat' dir='ltr'>minus.</span> <span class='ocrx_word' id='word_1_354' title='bbox 633 3767 760 3834; x_wconf 82' lang='lat' dir='ltr'>Phorm.</span> <span class='ocrx_word' id='word_1_355' title='bbox 785 3767 823 3854; x_wconf 80' lang='lat' dir='ltr'>V,</span> <span class='ocrx_word' id='word_1_356' title='bbox 848 3771 884 3845; x_wconf 85' lang='grc'>6,</span> <span class='ocrx_word' id='word_1_357' title='bbox 908 3772 940 3834; x_wconf 90' lang='grc'>66</span> <span class='ocrx_word' id='word_1_358' title='bbox 970 3772 1052 3834; x_wconf 82' lang='lat' dir='ltr'>Num</span> <span class='ocrx_word' id='word_1_359' title='bbox 1075 3779 1108 3838; x_wconf 90' lang='lat' dir='ltr'>tu</span> <span class='ocrx_word' id='word_1_360' title='bbox 1129 3771 1290 3844; x_wconf 75' lang='lat' dir='ltr'>intellegis,</span> 
     </span>
     <span class='ocr_line' id='line_1_38' title="bbox 125 3863 1289 3949; baseline -0.001 -19"><span class='ocrx_word' id='word_1_361' title='bbox 125 3871 178 3930; x_wconf 90' lang='lat' dir='ltr'>bic</span> <span class='ocrx_word' id='word_1_362' title='bbox 203 3870 274 3944; x_wconf 88' lang='lat' dir='ltr'>qnid</span> <span class='ocrx_word' id='word_1_363' title='bbox 296 3867 422 3932; x_wconf 81' lang='lat' dir='ltr'>namet?</span> <span class='ocrx_word' id='word_1_364' title='bbox 465 3867 532 3932; x_wconf 90' lang='lat' dir='ltr'>PH.</span> <span class='ocrx_word' id='word_1_365' title='bbox 556 3869 639 3932; x_wconf 84' lang='lat' dir='ltr'>Num</span> <span class='ocrx_word' id='word_1_366' title='bbox 662 3867 716 3932; x_wconf 77' lang='lat' dir='ltr'>tn?</span> <span class='ocrx_word' id='word_1_367' title='bbox 760 3863 829 3932; x_wconf 83' lang='lat' dir='ltr'>AN.</span> <span class='ocrx_word' id='word_1_368' title='bbox 852 3869 917 3930; x_wconf 79' lang='lat' dir='ltr'>Nil.</span> <span class='ocrx_word' id='word_1_369' title='bbox 945 3866 1081 3949; x_wconf 83' lang='lat' dir='ltr'>Adelph.</span> <span class='ocrx_word' id='word_1_370' title='bbox 1104 3865 1164 3948; x_wconf 91' lang='lat' dir='ltr'>III,</span> <span class='ocrx_word' id='word_1_371' title='bbox 1189 3872 1217 3946; x_wconf 84' lang='lat'>3,</span> <span class='ocrx_word' id='word_1_372' title='bbox 1233 3872 1289 3932; x_wconf 85' lang='lat'>41:</span> 
     </span>
     <span class='ocr_line' id='line_1_39' title="bbox 123 3965 1033 4032; baseline 0.001 -4"><span class='ocrx_word' id='word_1_373' title='bbox 123 3985 205 4030; x_wconf 80' lang='lat' dir='ltr'>mmm</span> <span class='ocrx_word' id='word_1_374' title='bbox 228 3969 343 4030; x_wconf 80' lang='lat' dir='ltr'>sineres</span> <span class='ocrx_word' id='word_1_375' title='bbox 367 3987 437 4032; x_wconf 85' lang='lat' dir='ltr'>rerc</span> <span class='ocrx_word' id='word_1_376' title='bbox 460 3969 543 4030; x_wconf 89' lang='lat' dir='ltr'>illum</span> <span class='ocrx_word' id='word_1_377' title='bbox 568 3975 649 4028; x_wconf 89' lang='lat' dir='ltr'>tuom</span> <span class='ocrx_word' id='word_1_378' title='bbox 672 3965 787 4030; x_wconf 81' lang='lat' dir='ltr'>Facere</span> <span class='ocrx_word' id='word_1_379' title='bbox 810 3965 910 4029; x_wconf 85' lang='lat' dir='ltr'>haec?</span> <span class='ocrx_word' id='word_1_380' title='bbox 1032 3979 1033 3984; x_wconf 75' lang='grc'>’</span> 
     </span>
    </p>

    <p class='ocr_par' dir='ltr' id='par_1_4' title="bbox 120 4059 1290 4244">
     <span class='ocr_line' id='line_1_40' title="bbox 219 4059 1287 4143; baseline -0.002 -15"><span class='ocrx_word' id='word_1_381' title='bbox 219 4063 248 4128; x_wconf 82' lang='grc'>6.</span> <span class='ocrx_word' id='word_1_382' title='bbox 291 4063 421 4130; x_wconf 85' lang='lat' dir='ltr'>Dicitur</span> <span class='ocrx_word' id='word_1_383' title='bbox 441 4083 460 4128; x_wconf 89' lang='lat' dir='ltr'>a</span> <span class='ocrx_word' id='word_1_384' title='bbox 482 4063 598 4131; x_wconf 90' lang='lat' dir='ltr'>Plauto</span> <span class='ocrx_word' id='word_1_385' title='bbox 622 4063 718 4130; x_wconf 88' lang='lat' dir='ltr'>etiarn</span> <span class='ocrx_word' id='word_1_386' title='bbox 739 4081 858 4143; x_wconf 77' lang='lat' dir='ltr'>camme,</span> <span class='ocrx_word' id='word_1_387' title='bbox 881 4064 967 4143; x_wconf 92' lang='lat' dir='ltr'>quod</span> <span class='ocrx_word' id='word_1_388' title='bbox 983 4062 1126 4130; x_wconf 86' lang='lat' dir='ltr'>restituit</span> <span class='ocrx_word' id='word_1_389' title='bbox 1142 4059 1287 4126; x_wconf 85' lang='lat' dir='ltr'>Ritsche-</span> 
     </span>
     <span class='ocr_line' id='line_1_41' title="bbox 120 4160 1290 4244; baseline -0.009 -13"><span class='ocrx_word' id='word_1_390' title='bbox 120 4163 192 4231; x_wconf 86' lang='lat' dir='ltr'>lius</span> <span class='ocrx_word' id='word_1_391' title='bbox 218 4163 327 4244; x_wconf 88' lang='lat' dir='ltr'>(quern</span> <span class='ocrx_word' id='word_1_392' title='bbox 349 4163 422 4228; x_wconf 89' lang='lat' dir='ltr'>vide</span> <span class='ocrx_word' id='word_1_393' title='bbox 445 4163 619 4244; x_wconf 75' lang='lat' dir='ltr'>prolegom.</span> <span class='ocrx_word' id='word_1_394' title='bbox 642 4162 683 4227; x_wconf 90' lang='lat' dir='ltr'>ud</span> <span class='ocrx_word' id='word_1_395' title='bbox 706 4162 790 4226; x_wconf 87' lang='lat' dir='ltr'>Trln.</span> <span class='ocrx_word' id='word_1_396' title='bbox 807 4179 836 4242; x_wconf 92' lang='lat' dir='ltr'>p.</span> <span class='ocrx_word' id='word_1_397' title='bbox 855 4163 909 4242; x_wconf 80' lang='lat'>75)</span> <span class='ocrx_word' id='word_1_398' title='bbox 932 4160 1017 4226; x_wconf 86' lang='lat' dir='ltr'>Trin.</span> <span class='ocrx_word' id='word_1_399' title='bbox 1034 4180 1063 4225; x_wconf 85' lang='lat' dir='ltr'>v.</span> <span class='ocrx_word' id='word_1_400' title='bbox 1080 4165 1157 4226; x_wconf 83' lang='lat'><strong>922:</strong></span> <span class='ocrx_word' id='word_1_401' title='bbox 1180 4177 1290 4221; x_wconf 79' lang='lat' dir='ltr'>mamma</span> 
     </span>
    </p>
   </div>
   <div class='ocr_carea' id='block_1_3' title="bbox 0 0 1528 4770">
    <p class='ocr_par' dir='ltr' id='par_1_5' title="bbox 0 0 1528 4770">
     <span class='ocr_line' id='line_1_42' title="bbox 0 0 1528 4770; baseline 0 0"><span class='ocrx_word' id='word_1_402' title='bbox 0 0 1528 4770; x_wconf 95' lang='lat' dir='ltr'> </span> 
     </span>
    </p>
   </div>
  </div>
 </body>
</html>
