3090 4768
7 614 18 855 t

6 986 12 1212 t

508 148 548 188 DE
562 147 756 192 THPORIBUS.
771 169 797 180 -
808 149 963 192 PRAESENS·
1285 160 1326 224 69

174 333 245 394 dum
272 352 329 410 ego
354 337 449 398 redeo.
494 337 649 420 Exempla
678 338 871 406 coniunctivi
899 343 974 406 snut
1000 339 1105 408 Pleut.
1132 341 1246 410 Baerh.
1270 343 1325 424 IV,

180 434 205 509 1,
229 435 263 496 4:
297 438 518 515 percontarier,
544 439 651 500 Utrum
678 457 782 502 aurum
803 439 910 500 reddat
930 457 1006 502 anne
1029 443 1079 500 eut
1099 460 1198 504 seeum
1221 447 1325 506 semul.

177 527 303 596 Terent.
328 529 454 598 Phorm.
476 532 531 615 IV,
556 539 584 614 3,
609 540 641 600 3:
676 538 770 610 Quam
793 542 896 607 timeo,
926 539 1070 600 adventus
1093 540 1327 618 1010000010-

169 629 266 704 pellat
287 637 404 706 patrem
427 625 513 711 (prot
535 635 708 710 inpulsurus
731 633 792 709 sit).
816 631 937 722 ‚hEtium
958 635 1127 710 infinitivus
1149 640 1327 717 praesentis

176 741 273 806 saepe
300 743 358 807 pro
386 726 441 792 ini.
470 727 570 798 tutori
597 731 727 813 ponitur
752 730 803 804 (of.
830 727 974 798 Perizon.
1002 733 1044 798 ud
1071 731 1176 802 Senot.
1199 755 1230 817 p.
1257 743 1328 820 111,

176 822 282 889 adnot.
304 829 348 904 4),
369 828 570 910 praegressis
592 829 689 896 certis
712 828 900 910 quibusdem
923 829 1032 896 verbis
1053 831 1178 899 dicendi
1201 840 1234 900 et
1257 854 1328 901 sen-

176 920 284 1000 tioudi,
306 925 495 1004 praesertim
517 926 688 1008 inquibus
710 926 788 1008 ipsis
811 927 874 992 iam
896 926 1087 1010 significatio
1109 929 1211 996 futuri
1233 934 1327 1014 inest,

175 1017 265 1084 velut
289 1039 388 1100 spero,
417 1024 494 1090 iuro.
539 1024 590 1090 Sio
615 1024 719 1091 Plaut.
747 1025 833 1090 Asin.
860 1025 902 1106 11,
932 1032 963 1104 4,
986 1031 1041 1093 36:
1074 1029 1170 1094 Addat
1196 1033 1327 1113 reddere,

178 1137 265 1194 quom
281 1124 430 1196 extemplo
446 1125 595 1186 redditum
611 1133 702 1188 esset.
726 1122 817 1204 Capt.
831 1123 891 1204 111,
904 1130 934 1205 4,
949 1129 1003 1190 54:
1027 1130 1137 1191 Filium
1152 1136 1234 1192 tuum
1250 1135 1329 1210 quod

178 1218 374 1280 redonasse
397 1221 450 1295 ott,
474 1238 547 1302 pro:
570 1221 812 1304 redempturum
835 1240 915 1288 esse.
960 1222 1032 1288 Aul.
1055 1223 1081 1304 Ι,
1105 1230 1134 1305 2,
1159 1230 1216 1291 3οτ
1238 1231 1327 1292 Deui-

176 1313 243 1375 dero
266 1318 383 1392 argenti
404 1316 483 1378 dart
503 1337 607 1384 nomos
628 1324 658 1382 iu
683 1323 771 1382 viros.
816 1319 944 1386 Terent.
962 1321 1058 1388 Andr.
1081 1322 1123 1401 ΙΙ,
1146 1329 1177 1403 4,
1200 1328 1233 1390 8:
1257 1331 1282 1390 si
1296 1336 1328 1391 te

176 1411 253 1475 dt'oes
272 1419 384 1480 ducere
427 1413 531 1482 Plaut.
556 1413 682 1482 Guroul.
707 1416 745 1496 V,
773 1424 798 1498 1,
823 1423 857 1483 7:
879 1421 961 1494 Nepa
984 1439 1029 1482 me
1052 1422 1157 1484 dicere.
1202 1422 1328 1490 Terent.

178 1509 276 1578 Andr.
298 1516 340 1590 11,
364 1525 393 1588 3,
418 1524 451 1582 d:
475 1518 533 1578 Sed
556 1519 582 1578 si
604 1525 636 1578 tu
657 1519 777 1590 reperis
798 1520 912 1593 duom,
936 1519 978 1578 ibi
999 1523 1117 1597 eulpam
1139 1524 1168 1582 in
1184 1529 1215 1583 te
1231 1531 1328 1586 trans·

178 1606 264 1676 ieret.
309 1615 412 1682 Plaut.
436 1614 527 1679 Cure.
551 1612 593 1693 ΙΙ,
621 1619 647 1693 i,
674 1618 726 1678 ll:
758 1615 891 1689 Adferre
913 1625 1067 1692 argentum
1089 1621 1182 1688 eredo,
1204 1637 1262 1699 pro
1286 1625 1328 1684 el-

178 1713 316 1777 laturum.
383 1716 473 1780 Pers
499 1710 557 1791 ΙΙΙ,
582 1717 610 1788 2,
633 1716 668 1776 2;
705 1716 761 1788 Qui
788 1715 860 1774 mihi
886 1715 1006 1776 iuratus
1033 1720 1076 1777 est
1101 1736 1133 1778 se
1162 1720 1250 1779 hodie
1281 1737 1330 1780 er·

177 1819 298 1886 gentum
320 1815 413 1876 dure?
442 1807 562 1876 eisteti.
587 1809 629 1890 ΙΙ,
654 1815 684 1888 3,
705 1815 847 1878 40—43:
870 1815 986 1874 Instare
1010 1831 1102 1889 usque
1125 1817 1210 1894 adeo,
1233 1817 1329 1880 donae

179 1927 210 1971 se
233 1912 358 1974 adierat
378 1915 508 1991 (praes.)
531 1928 605 1972 anus
628 1913 703 1972 Eam
727 1909 785 1982 (sio
805 1907 1025 1974 Laehmounus
1049 1914 1082 1974 et
1102 1911 1330 1979 Fleckeisenus

178 2005 209 2070 in
231 2007 335 2072 lahuii
357 2007 461 2076 annal.
484 2007 505 2070 l.
530 2025 556 2072 o.
578 2024 608 2087 p.
632 2005 687 2087 63)
716 2008 788 2068 mihi
814 2012 983 2069 onustum
1005 2009 1060 2084 (=-
1081 2015 1330 2077 monstraturem

179 2119 268 2183 esse),
292 2141 334 2152 -
357 2110 409 2170 sed
432 2110 520 2170 illeso
544 2125 576 2168 se
598 2107 744 2184 quandam
767 2107 850 2166 attat
870 2109 1024 2168 mulierem
1040 2109 1128 2170 Suam
1151 2111 1329 2174 benevolen-

180 2211 238 2265 tem
261 2207 417 2268 rosumere
439 2209 493 2276 t:
513 2207 751 2274 conventuram)
782 2207 872 2264 etiam
898 2205 991 2279 prius.
1041 2203 1136 2269 Most.
1161 2207 1198 2286 V,
1222 2214 1251 2288 2,
1278 2216 1330 2275 ll:

180 2298 242 2366 ΤΒ,
266 2307 421 2380 promitte,
451 2321 506 2380 ego
533 2305 583 2364 ibo
605 2320 660 2378 pro
682 2309 722 2378 te,
747 2304 771 2362 si
795 2303 849 2362 tibi
877 2319 934 2362 non
958 2303 1049 2366 lubet.
1094 2302 1159 2368 ΤΗ.
1186 2309 1328 2386 Verbere,

180 2403 268 2462 etiam
299 2401 431 2464 inrides?
476 2399 540 2465 ΤΒ.
564 2403 652 2478 quien
683 2418 729 2460 mo
757 2417 812 2476 pro
835 2407 865 2460 te
886 2401 931 2460 ire
952 2417 1055 2461 cenam
1078 2405 1218 2464 autumo?
1261 2404 1330 2473 TH.

180 2499 244 2560 Non
275 2503 353 2562 enim
381 2501 447 2560 ibis.
492 2498 619 2562 Terent.
641 2497 740 2561 Andr.
768 2497 845 2576 Lo,
868 2501 902 2562 3:
939 2498 1068 2562 Uxorem
1098 2501 1230 2562 droant
1258 2504 1332 2565 dure

183 2616 248 2660 sese
272 2601 313 2659 mi
328 2599 424 2660 hodie.
456 2596 536 2660 Eun.
559 2594 617 2674 ΙΙΙ,
641 2600 670 2674 3,
696 2600 751 2660 14;
775 2593 873 2659 Credo
896 2597 925 2656 ei
946 2599 1066 2672 plaeere
1089 2598 1155 2673 hoo,
1175 2605 1278 2674 sperat
1297 2620 1330 2665 se

183 2714 268 2756 ame
291 2697 427 2773 operere,
451 2712 494 2760 so.
519 2694 578 2760 hoo
601 2693 776 2774 praedium.
800 2692 950 2773 Inprimis
973 2697 1266 2762 commemorandus
1282 2703 1333 2764 est

180 2791 233 2858 ini.
251 2812 346 2870 posse,
369 2793 423 2873 qui
446 2794 489 2869 (v.
514 2791 610 2857 Hoas.
639 2792 679 2856 ad
701 2791 820 2872 Reisig.
843 2810 875 2872 p.
898 2794 976 2869 497,
999 2791 1105 2856 adnot.
1129 2798 1203 2868 452)
1233 2795 1330 2876 signi·

180 2887 358 2956 ficationem
386 2889 488 2956 futuri
518 2887 748 2971 quodammodo
775 2889 838 2952 iam
861 2889 894 2952 in
914 2906 949 2953 se
972 2888 1112 2954 includit.
1157 2890 1209 2958 Sic
1231 2893 1329 2958 Andr.

181 2990 240 3070 ΠΙ,
266 2996 296 3068 3,
321 2993 377 3053 21;
402 2997 436 3052 ut
457 3007 574 3065 sperem
591 3005 679 3064 posse
699 2991 797 3051 avelli.
842 2986 919 3050 Hec.
935 2986 961 3064 Ι,
977 2990 1006 3065 2,
1025 2992 1078 3051 72:
1102 2992 1257 3071 Sperasse,
1278 3009 1330 3056 ees

181 3095 425 3164 tolerereposse
459 3083 704 3176 nuptiasquno
737 3088 861 3149 tontum
893 3081 963 3149 loeo
994 3084 1026 3148 in
1058 3086 1119 3151 hoo
1146 3088 1243 3152 verbo
1272 3107 1331 3170 per

180 3187 382 3268 periphrasin
411 3190 538 3264 tempus
566 3181 708 3247 iuturum
738 3201 922 3263 expressum
949 3188 1012 3262 est,
1047 3183 1124 3251 Heo.
1154 3183 1178 3264 Ι,
1212 3189 1240 3264 2,
1271 3191 1328 3252 24:

181 3289 266 3362 Quod
289 3305 343 3362 ego
367 3303 523 3362 numquam
546 3284 660 3346 credidi
683 3283 770 3353 Fore,
791 3289 825 3344 stt
844 3285 896 3343 ille
919 3284 975 3346 hat
998 3286 1063 3344 vive
1080 3289 1179 3358 posset
1199 3287 1329 3348 enimum

181 3387 323 3446 inducero
346 3386 474 3446 Uxorem
498 3385 660 3470 haberqw·

265 3487 296 3546 4.
341 3479 548 3544 Coniunctivo
583 3478 763 3558 praesentis
799 3477 832 3541 in
869 3477 1143 3544 enunciationinus
1179 3480 1330 3559 optativis

179 3579 284 3662 posito
307 3585 417 3644 notum
448 3583 499 3644 est
519 3575 653 3658 exprimi
675 3579 834 3654 optatum,
865 3575 950 3654 quod
972 3575 1014 3652 is,
1044 3576 1098 3654 qui
1120 3581 1228 3657 optet,
1257 3596 1330 3657 pro-

182 3696 277 3760 spere
299 3677 425 3743 evenne
448 3692 541 3755 posse
562 3673 672 3740 credit
695 3672 883 3754 (Wueilner.
898 3672 937 3738 de
953 3691 1015 3738 eas.
1032 3691 1062 3752 p.
1081 3678 1162 3745 132).
1191 3672 1243 3738 Sic
1258 3673 1329 3740 Ter.

181 3777 296 3843 fleant.
313 3774 367 3852 lv,
384 3778 414 3853 6,
430 3778 449 3838 6
464 3791 529 3854 sq:
553 3782 585 3834 ut
608 3781 637 3834 te
661 3763 778 3848 quidem
801 3773 831 3833 di
854 3774 986 3850 deaeque
1009 3791 1110 3834 omnes
1128 3805 1165 3818 —
1177 3774 1330 3847 perduint.

268 3880 298 3938 5.
341 3875 550 3950 Imperfectum
591 3869 720 3952 ponitur
753 3869 792 3934 do
825 3868 951 3934 actione
983 3867 1099 3934 iniecta
1130 3871 1163 3933 et
1196 3869 1331 3933 durante

182 3973 326 4051 subiecti,
355 3969 510 4054 quodsi,
537 3969 592 4048 qui
615 3966 770 4048 loquitur,
798 3966 1007 4047 praeteritum
1031 3971 1089 4030 est.
1133 3967 1182 4032 En
1203 3966 1331 4032 notione

182 4069 316 4138 ustionis
344 4068 489 4134 durentia
518 4066 677 4147 sequitur,
707 4069 743 4130 ut
768 4069 943 4145 usurpetur
972 4063 1069 4128 etiam
1089 4063 1130 4128 do
1153 4061 1330 4129 actionibus

180 4167 337 4250 repetitis,
360 4167 624 4248 quemadmodum
646 4181 685 4230 ex
707 4163 834 4229 notione
857 4161 987 4228 actionis
1003 4158 1138 4226 iniectae
1158 4176 1252 4239 saepe
1267 4156 1332 4220 ori-
