3036 4766
25 4157 27 4232 l

264 118 325 179 336
546 109 610 150 ΟΔΡ.
624 109 669 150 xV.
703 108 850 148 noctanter
878 107 1130 149 nnunclnnloauu.

263 302 381 360 modom
404 304 499 376 atque.
545 298 672 362 Terent.
694 297 811 362 Heaut
834 297 874 375 ΙΙ,
899 303 928 376 3,
953 299 1009 361 24:
1041 300 1116 358 Nam
1146 309 1178 360 et
1206 301 1310 361 vitast
1334 300 1428 358 eaden

264 407 296 458 et
318 401 433 460 animno
455 405 486 459 te
509 415 581 473 erga
610 398 686 458 idem
715 398 837 460 oofnit.
862 401 1001 475 -post
1023 415 1087 470 por
1116 395 1223 460 Plani.
1251 395 1329 458 Mil.
1359 395 1428 475 glor.

263 494 319 575 lv,
342 500 377 573 6,
401 499 458 560 36;
482 497 515 557 Si
538 497 647 556 amavit
663 512 799 570 nmquam
824 504 875 556 ant
898 499 923 556 si
940 513 1047 569 parem
1062 497 1111 556 hio
1134 499 1325 571 sapientiam
1350 497 1430 554 hebet

263 595 457 663 «reformant,
480 596 691 654 Potamonem
714 595 810 668 siquid
837 594 955 670 tenero,
988 595 1129 654 elementi
1158 596 1305 670 ignoscet
1330 597 1431 654 animo.

265 725 304 738 -··
328 695 409 773 ,post
441 694 562 767 parator
592 690 686 754 Ennii
718 687 869 755 Hecubae
892 689 930 754 fr.
953 697 991 768 4,
1018 709 1049 754 ν.-
1076 694 1152 754 230:
1185 695 1264 752 Nam
1299 693 1432 767 opulenti

265 809 332 852 oum
361 795 500 853 locuntur
530 791 648 864 pariter
677 793 771 874 ⁴ratpero
799 792 955 864 ignobiles„
1004 788 1109 852 Plani.
1140 787 1223 852 Men.
1249 789 1295 866 V,
1322 791 1434 865 1,52;

258 892 461 971 paritershoe
482 894 571 962 otone
594 891 669 949 aliae
692 905 741 948 res
765 891 854 949 eoles-
891 886 1019 950 Terent.
1044 885 1169 950 Phorm.
1193 887 1231 965 V,
1256 893 1292 967 3,
1319 891 1358 950 3:
1383 887 1434 946 Po

263 993 338 1050 riter
360 1007 438 1048 nnnc
459 1005 554 1062 opera
575 1003 621 1047 me
645 988 778 1062 adiuvas,
802 1003 837 1048 aa
858 1005 892 1048 re
916 989 1025 1047 dndnm
1048 989 1195 1062 opitulata
1218 1005 1261 1048 ee.
1292 1020 1344 1028 -
1366 991 1433 1064 post

263 1087 373 1150 similis
401 1088 434 1149 et
468 1087 630 1146 ceramitis
654 1082 758 1147 Plant.
790 1082 901 1163 Amph.
932 1083 961 1161 l,
991 1088 1026 1162 1,
1050 1087 1127 1146 287:
1162 1095 1221 1145 tem
1249 1085 1434 1145 wnseniltn

264 1190 352 1258 atone
373 1203 440 1260 ago.
484 1181 553 1246 Mil.
577 1181 624 1260 11,
648 1188 678 1260 4,
698 1186 754 1246 48:
785 1185 826 1244 Ut
855 1183 948 1242 adid
972 1185 1140 1258 exemplum
1163 1186 1315 1244 somnium
1342 1182 1433 1242 noret

263 1285 333 1344 mile
356 1280 753 1358 sempiternitatem
776 1284 945 1357 auspicatus
968 1299 1001 1342 es
1025 1279 1081 1357 [te]
1105 1299 1169 1342 enm
1193 1284 1309 1344 vidisse
1329 1297 1433 1340 aneon-

263 1386 392 1458 lentem,
416 1378 470 1444 ubi
493 1376 730 1444 Lindemannne
753 1383 937 1456 nonnette,
961 1378 1170 1458 puto,'verba
1185 1387 1272 1454 otone
1296 1380 1432 1452 sospite

264 1486 311 1542 los
333 1497 362 1540 es
385 1475 485 1542 refert
506 1476 547 1540 ad
569 1496 597 1540 v.
621 1478 661 1538 od
681 1478 715 1537 id
736 1479 874 1551 coenon,
897 1475 994 1540 immo
1016 1479 1056 1538 nd
1076 1477 1110 1540 la
1131 1479 1252 1552 enormi.
1277 1477 1433 1538 wamia

265 1595 360 1640 unam
391 1571 533 1640 efficiunt
562 1575 739 1650 notionem,
774 1576 815 1638 ad
842 1591 937 1653 quam
967 1573 1108 1639 refertur
1137 1573 1302 1654 particula
1334 1581 1429 1648 otone.

264 1673 414 1739 Getemm
436 1679 471 1734 nt
492 1677 580 1738 reete
596 1672 674 1738 dieit
689 1672 926 1738 Lindemannus
949 1673 1120 1738 abundare.
1152 1673 1280 1737 Terent
1298 1671 1429 1736 Phorm.

263 1771 344 1852 prol.
367 1790 396 1834 v.
421 1776 475 1835 31:
499 1775 544 1833 Ne
567 1774 660 1832 simili
682 1780 800 1832 ntamnr
822 1773 952 1852 fortuna,
976 1779 1064 1847 otone
1086 1776 1131 1834 uni
1154 1791 1263 1835 nomos.
1288 1803 1336 1816 -
1361 1771 1429 1850 post

264 1872 335 1932 tolia
358 1869 429 1932 Ter.
452 1867 580 1932 Phorm.
603 1866 641 1948 V,
665 1876 695 1948 9,
721 1874 775 1934 39:
805 1865 889 1932 naxo
917 1873 972 1932 toli
993 1890 1060 1932 eom
1083 1879 1244 1932 mactatum
1267 1876 1361 1946 atque
1384 1870 1427 1927 nic

264 1979 312 2031 est
334 1969 507 2029 infortunio.
671 1973 675 1978 “

350 2066 370 2128 i.
416 2064 538 2129 Eodem
559 2063 653 2128 modo
676 2063 783 2129 Latini
806 2064 917 2129 dicunt
936 2066 970 2129 in
992 2065 1185 2132 eonferenda
1210 2084 1247 2130 re
1269 2061 1423 2132 dissimili.

262 2164 342 2232 Post
364 2167 443 2229 nans
465 2163 568 2228 Plaut.
593 2165 679 2229 Asin.
702 2163 734 2244 Ι,
758 2169 792 2242 3,
816 2170 874 2229 tt:
901 2169 999 2228 Aliam
1030 2185 1107 2227 nnno
1130 2170 1171 2226 mi
1193 2169 1364 2226 orationem
1386 2193 1422 2204 -

262 2264 438 2340 praeniteas,
466 2264 571 2325 Aliam
599 2270 687 2338 alque
717 2266 787 2326 olim
810 2283 897 2340 quom
921 2266 1077 2326 inliciebas
1106 2268 1182 2328 cett.
1206 2263 1325 2326 Pseud.
1348 2261 1375 2340 I,
1398 2263 1422 2333 5,

263 2366 318 2428 59:
352 2365 513 2425 nantolio
539 2365 626 2423 modo
660 2365 710 2424 Me
741 2365 902 2424 verberare
930 2368 1018 2436 arpo
1048 2381 1102 2440 ego
1131 2372 1160 2424 te
1189 2367 1272 2424 soleo
1304 2364 1421 2437 cogitat,

263 2475 359 2538 qoem
381 2457 488 2526 locum
511 2458 649 2538 explicat
671 2458 872 2540 Ladewigins
894 2457 926 2522 in
946 2457 1098 2524 Zeitsehr.
1121 2457 1141 2523 f.
1163 2457 1313 2524 11111111.-
1333 2459 1418 2530 lata,

260 2576 291 2638 p.
329 2562 418 2622 1074.
457 2557 574 2622 Pseud.
597 2555 652 2636 IV,
683 2563 715 2637 7,
745 2563 801 2622 35;
835 2559 897 2620 alt'o
918 2567 999 2634 ¹sunt
1033 2562 1082 2619 illt
1107 2561 1228 2636 ingenio
1260 2565 1351 2632 atone
1384 2565 1419 2614 tn.

266 2655 396 2720 Terent.
421 2653 711 2734 Armillato:
734 2657 840 2719 Altum
863 2675 929 2719 eene
953 2672 1058 2718 oeneee
1082 2673 1159 2718 nuno
1182 2676 1230 2719 nne
1252 2657 1418 2732 otpaaolin

264 2773 355 2829 quom
381 2751 508 2815 dabam?
551 2752 678 2826 Phorm,
699 2753 755 2830 lv,
779 2759 811 2833 4,
834 2758 870 2818 3:
905 2757 987 2831 Eho,
1010 2757 1152 2828 verbero,
1176 2757 1264 2815 elaad
1284 2758 1356 2814 mihi
1377 2770 1418 2812 re-

265 2852 398 2926 sponden
427 2868 463 2912 ao
485 2853 580 2928 rogo?
601 2881 642 2894 -
665 2856 741 2932 pont
762 2855 911 2914 altorem
931 2850 1013 2915 Eun.
1037 2851 1067 2930 Ι,
1092 2855 1128 2926 2,
1152 2853 1187 2916 2:
1211 2855 1359 2914 euersum
1377 2853 1417 2910 nt

262 2967 318 3024 que
341 2968 397 3026 ego
420 2936 488 3011 feei.

352 3047 384 3111 k.
428 3045 467 3110 ln
488 3045 539 3110 hia
562 3047 767 3126 comparandi
788 3046 933 3112 formulis
956 3045 1113 3128 part-inula
1141 3053 1229 3122 otone
1260 3047 1322 3113 eibi
1351 3065 1415 3112 oon-
1489 3037 1490 3040 '

265 3144 409 3211 iunctum
432 3135 550 3209 habere
574 3149 681 3225 potest
703 3145 892 3211 vocabulum
915 3151 962 3223 nt,
992 3144 1074 3210 unde
1102 3142 1140 3208 fit
1161 3148 1250 3216 alitor
1271 3151 1360 3221 ntqon
1378 3149 1414 3205 nt.
1489 3181 1490 3184 =

261 3242 376 3308 Caecil.
407 3241 488 3308 sent.
519 3241 663 3306 Plocium
696 3241 741 3305 fr.
771 3249 824 3307 14:
858 3246 996 3305 Insanum
1027 3249 1191 3321 euspicium
1227 3245 1301 3306 hant
1335 3248 1416 3306 aliter

265 3343 457 3403 histrioniam
480 3348 540 3416 eet,
562 3339 662 3416 Anne
684 3345 946 3420 reimaginantur,
969 3345 1088 3418 publice
1112 3345 1229 3419 qnando
1253 3347 1414 3419 auspicent.

260 3436 366 3502 Plaut.
383 3434 497 3518 Amph.
521 3437 575 3518 IV,
595 3444 623 3518 1,
643 3443 698 3502 11:
721 3441 842 3500 Pariter
864 3442 920 3502 hoo
942 3441 976 3500 fit
999 3445 1088 3514 atque
1107 3446 1142 3502 at
1164 3443 1225 3502 alia
1247 3441 1329 3504 faeta
1346 3447 1414 3502 aunt.

262 3533 355 3599 Adde
378 3535 482 3599 locum
506 3531 573 3600 Mil.
597 3535 643 3611 11,
666 3542 697 3612 4,
721 3541 763 3606 48
786 3535 894 3617 paullo
909 3553 1016 3616 eupra
1036 3535 1177 3602 allatum.

347 3631 368 3696 1.
413 3633 499 3715 Ipsa,
523 3635 660 3714 quaein
682 3633 835 3699 hiselnre
858 3651 1010 3716 expressa
1026 3640 1084 3714 est,
1108 3634 1304 3714 companatio
1327 3635 1415 3698 inter-

262 3730 339 3795 dum
362 3731 471 3811 paullo
495 3733 660 3798 ohscurior
682 3732 755 3797 aliie
778 3732 886 3797 verbio
910 3731 1101 3797 continetur.
1143 3732 1248 3798 Plant.
1272 3731 1340 3798 Mil.
1364 3729 1414 3806 111,

262 3833 289 3908 l,
316 3831 395 3893 167:
426 3833 507 3902 Haut
530 3841 752 3893 oentenenmam
776 3835 895 3900 Partem
914 3833 981 3894 oizi
1002 3836 1105 3907 alque,
1135 3835 1227 3894 otium
1258 3835 1303 3894 rei
1327 3835 1352 3894 si
1373 3833 1412 3902 eit

259 3946 383 4006 poetam
406 3946 592 4005 expromere.
637 3927 710 3992 Huc
732 3929 873 4007 pertinet
897 3929 992 3993 etlam
1015 3929 1151 3994 verbum
1175 3935 1309 4000 mutare,
1338 3925 1412 4008 quod

257 4026 390 4106 ponitur
413 4043 471 4106 pro
494 4028 580 4088 alind
602 4045 672 4088 erae.
704 4024 808 4091 Plani.
826 4024 939 4106 Amph.
965 4026 989 4105 1,
1015 4032 1050 4103 l,
1078 4030 1150 4092 118:
1177 4029 1282 4106 Neque
1305 4046 1336 4099 ae
1351 4031 1412 4086 lnnn

261 4143 408 4200 quoquam
431 4129 531 4188 metat
552 4129 640 4199 atque
662 4127 708 4185 nti
733 4133 869 4186 oxotteet
886 4129 986 4187 semel.
1031 4123 1098 4188 llil.
1121 4123 1178 4204 IV,
1195 4131 1225 4205 3,
1249 4129 1307 4193 37,;
1331 4127 1409 4186 Non-
