3090 4768
424 172 489 215 hou.
504 171 606 212 PRARD.
622 170 651 212 m
665 170 741 213 UNIV.
756 170 853 212 SPEOT.
867 191 893 200 -
906 170 1061 212 uuvmuem.
1292 178 1311 238 7

251 361 343 428 Truc.
366 363 403 440 V,
425 381 454 427 v.
480 366 535 427 18:
559 369 701 440 peramat.
746 361 794 425 De
815 364 896 436 oola
925 364 959 428 et
981 367 1050 437 pote
1073 359 1145 425 vide
1167 359 1310 424 Perizou.

165 461 207 526 cd
229 460 337 527 Senot.
365 459 498 526 Minerv.
524 475 555 540 p.
584 464 657 538 215,
685 457 739 539 qui
767 455 861 526 affert
887 458 1001 540 Amph.
1030 458 1072 538 ΙΙ,
1097 463 1125 538 2,
1150 462 1206 522 61:
1253 460 1310 532 Qui

164 564 241 622 istuc
265 563 345 635 polu's
373 565 414 622 cst
443 560 510 621 fieri
536 560 600 620 -l
647 557 719 622 Aul.
748 556 790 636 II,
824 564 850 637 l,
881 563 935 624 19:
964 577 1031 620 nam
1060 561 1142 620 nulla
1163 561 1244 634 polle
1270 563 1314 620 cst

164 660 241 734 eligi.
286 656 401 722 Pseud.
425 655 450 736 1,
475 661 504 734 3,
528 661 577 722 34.
623 657 665 724 Ει
687 656 719 721 iu
741 653 856 736 plurali
880 655 973 720 Pocn.
998 654 1023 734 1,
1046 658 1075 731 2,
1101 659 1157 720 17:

329 759 431 834 Apage
456 760 505 832 sis,
529 758 629 830 negoti
651 762 791 832 quantum
814 757 844 815 in
867 758 990 818 muliere
1013 762 1114 816 uuaot:

330 855 389 916 Sed
410 871 482 916 vero
505 855 589 928 duae,
614 863 660 914 sat
682 854 753 927 scio,
775 855 901 916 maximo
924 856 976 915 uui

331 954 444 1028 Populo
467 953 599 1014 cuilubet
621 954 688 1026 plus
711 953 783 1012 uatis
807 953 877 1012 dere
894 953 976 1026 poto's
997 957 1073 1014 suut.

159 1047 255 1114 Most.
289 1048 323 1127 I,
359 1054 394 1128 3,
426 1051 467 1114 99
509 1046 673 1124 (Sanctius
713 1066 743 1128 p.
774 1048 866 1125 852);
919 1051 1004 1124 Vah,
1042 1051 1112 1126 quid
1151 1051 1205 1111 illa
1235 1057 1304 1128 pote

160 1150 246 1224 peius
277 1150 414 1225 quiquam
439 1151 563 1208 muliere
593 1148 808 1208 memorerier?
852 1143 955 1210 Oasin.
981 1144 1021 1223 II,
1050 1152 1079 1224 3,
1104 1150 1122 1210 2
1151 1146 1309 1224 (Perizon.

158 1262 190 1324 p.
214 1245 306 1321 8hll:
349 1248 413 1308 Noc
437 1251 506 1320 pou
534 1244 591 1320 (sio
617 1249 705 1308 recte
726 1243 863 1309 Bothius
885 1243 980 1308 metri
1003 1261 1116 1323 causam
1145 1245 1195 1324 Ag
1217 1248 1308 1322 potis)

158 1345 319 1420 quicquum
342 1345 566 1418 conmemorari,
587 1344 664 1418 quod
686 1339 842 1419 plusculis
858 1345 983 1419 plusque
999 1345 1110 1419 leporis
1127 1378 1165 1388 --
1183 1343 1309 1406 Habeat.

156 1438 288 1504 Terent.
320 1439 451 1520 Adelph.
479 1438 536 1518 IV,
568 1444 595 1518 1,
627 1445 662 1504 5:
710 1443 757 1502 Ita
785 1441 826 1514 fit,
862 1449 893 1502 et
925 1445 1001 1510 istoc
1037 1443 1133 1518 siquid
1160 1444 1241 1518 potis
1269 1447 1310 1504 cst

155 1541 281 1600 rectiua
327 1537 382 1618 IV,
403 1545 434 1617 4,
460 1543 498 1604 18
526 1536 678 1610 (Periuou.
703 1556 734 1618 p.
758 1539 850 1614 Bell:
881 1540 951 1602 fieri
972 1543 1052 1615 potus
1073 1547 1123 1615 est,
1152 1549 1184 1602 ut
1214 1558 1310 1618 nequa

155 1643 255 1700 exeat.
300 1636 341 1714 ΙΙ,
366 1642 395 1715 3,
422 1642 473 1700 ll:
504 1640 554 1700 Nil
571 1643 640 1712 pote
662 1657 760 1714 supra,
785 1636 838 1700 ubi
860 1657 926 1700 esse
949 1638 1098 1704 0missum
1122 1645 1180 1712 est,
1196 1657 1224 1703 v.
1242 1638 1261 1716 ξ
1281 1643 1310 1702 l.

154 1732 264 1798 Plaut.
290 1731 380 1814 Capt.
404 1734 429 1814 1,
453 1739 482 1813 2,
506 1740 538 1798 9:
584 1737 663 1796 Souis
686 1746 732 1798 ost
755 1735 1045 1804 :conclamatum
1069 1743 1119 1803 est
1134 1737 1306 1803 secundum

154 1831 365 1913 Scaligerum.
415 1831 498 1896 Meu.
527 1851 555 1895 v.
584 1836 642 1896 621
677 1837 708 1897 ot
737 1831 793 1912 IV,
823 1837 851 1912 2,
882 1839 936 1901 92:
969 1835 1057 1898 sotlo'
1084 1839 1139 1900 hoc
1168 1836 1311 1900 esttibi?

154 1929 273 1996 Bacch.
298 1949 326 1996 v.
350 1935 427 1996 834:
473 1934 525 1994 Sat
548 1939 602 1994 est.
648 1930 775 1994 Terent.
806 1932 903 1996 Andr.
932 1932 987 2012 IV,
1011 1938 1039 2012 2,
1065 1938 1119 1998 22:
1166 1938 1238 1998 Dies
1261 1937 1310 1996 hic

151 2032 197 2090 mi
219 2037 252 2089 ut
273 2032 347 2092 sotis
368 2032 408 2092 sil
427 2049 541 2094 vereor.
585 2026 710 2093 Phorm.
734 2027 777 2107 ΙΙ,
801 2034 830 2108 3,
853 2034 907 2096 89;
931 2031 1012 2094 Solis
1034 2035 1091 2092 iam
1114 2035 1308 2112 verborumst,

153 2125 199 2188 de
222 2143 284 2205 quo
308 2125 377 2192 loco
400 2127 599 2192 Rudd.·inat.
623 2126 666 2206 ΙΙ,
689 2145 718 2207 p.
737 2133 766 2206 7,
789 2126 894 2196 adnot.
923 2135 975 2192 lt:
1001 2130 1123 2210 „possis
1138 2130 1307 2210 explicare,

152 2222 218 2288 Est
240 2241 294 2288 res
317 2224 486 2290 verborum
510 2225 551 2288 ad
574 2224 764 2290 satietatem.
808 2223 877 2289 Nisi
892 2224 974 2291 forte
991 2231 1065 2290 sotis
1081 2233 1130 2294 est
1145 2228 1308 2307 antiquum

153 2321 360 2402 adiectivum‚
386 2324 467 2388 unde
491 2323 723 2403 comparativus
746 2326 847 2392 schor,
871 2324 981 2387 eodem
1001 2325 1104 2394 modo,
1124 2343 1185 2406 quo
1201 2329 1306 2403 ooopu'o,

153 2418 243 2482 unde
277 2420 512 2500 comparativus
546 2423 658 2497 motor,
697 2419 770 2484 olim
805 2421 995 2486 adiectivum
1028 2421 1126 2488 fuisse
1160 2424 1310 2488 observat

153 2517 304 2584 Perizou.
332 2519 373 2599 II,
408 2524 456 2597 10,
489 2519 531 2582 1.“
584 2519 628 2583 Bt
654 2518 699 2582 sic
730 2519 826 2583 etiam
859 2518 892 2582 in
914 2521 1096 2586 accusativo
1119 2521 1238 2586 dictum
1261 2523 1310 2584 est

150 2615 261 2682 Plaut.
289 2616 381 2683 Truc.
409 2617 464 2696 IV,
488 2622 519 2696 3,
547 2621 600 2682 18:
628 2619 701 2679 sotis
731 2637 763 2680 es
792 2619 880 2680 lassa.
926 2617 1051 2682 Terent.
1081 2621 1177 2686 Andr.
1202 2622 1257 2702 IV,
1281 2629 1310 2704 2,

151 2719 214 2778 27:
248 2736 306 2778 nou
339 2721 414 2778 sotis
447 2719 547 2777 habes.
600 2713 680 2778 Eun.
709 2713 768 2794 III,
801 2717 830 2794 2,
860 2721 917 2781 32;
952 2728 997 2780 sat
1024 2720 1123 2799 habet,
1157 2721 1210 2786 ubi
1238 2723 1310 2788 vide

151 2812 295 2893 Ruhnk,
319 2812 357 2878 cf.
381 2813 490 2876 Bromi
512 2813 553 2875 ad
575 2811 654 2892 Nep.
679 2817 750 2893 227,
781 2813 836 2892 qui
858 2816 997 2894 explicat
1021 2822 1094 2881 satis
1117 2822 1227 2882 habere
1251 2838 1308 2900 per

151 2905 293 2984 ἀγαπᾶν,
316 2915 500 2976 contentum
523 2927 604 2975 esse.
647 2909 752 2975 Plaut.
776 2910 861 2976 Trin.
885 2912 911 2992 Ι,
936 2919 965 2993 2,
990 2921 1047 2981 93:
1083 2920 1161 2992 Quid
1182 2923 1307 2985 sectlosl.

150 3008 236 3074 Ceto
258 3007 295 3071 R.
318 3007 354 3074 R.
379 3026 403 3073 c.
428 3013 464 3071 5:
508 3010 583 3070 Nam
612 3028 661 3070 res
691 3013 804 3072 rustica
829 3013 872 3073 sio
899 3019 948 3077 est.
993 3012 1097 3079 Plaut.
1127 3017 1240 3098 Amph.
1264 3018 1306 3098 II,

156 3112 185 3186 l,
210 3111 266 3170 57:
312 3106 361 3168 Sic
386 3125 462 3184 som,
490 3117 522 3166 ut
550 3109 641 3168 uides.
685 3105 779 3171 Most.
809 3107 834 3187 I,
865 3115 973 3188 1,68;
1019 3116 1096 3174 Dum
1123 3119 1239 3178 interea
1267 3119 1309 3180 alc

150 3208 200 3268 ott.
247 3203 303 3284 IV,
326 3210 355 3283 3,
377 3209 434 3268 4οι
478 3207 561 3264 Haec
591 3205 785 3275 resolvent,
814 3217 846 3268 ut
874 3214 1049 3272 uarrotibi.
1092 3212 1190 3278 Mero.
1213 3214 1255 3291 ΙΙ,
1282 3220 1308 3294 l,

150 3307 212 3366 42:
236 3305 280 3366 sic
303 3315 357 3366 eet.
400 3302 515 3370 Pseud.
532 3301 574 3380 ΙΙ,
592 3307 620 3380 3,
639 3306 693 3365 ll:
719 3313 765 3366 set
786 3305 922 3380 profecto
945 3309 1002 3368 hoc
1020 3312 1063 3370 sio
1078 3313 1141 3374 coit.
1180 3311 1306 3378 Terent·

149 3399 250 3464 Andr.
274 3399 299 3479 Ι,
327 3407 353 3479 l,
378 3405 431 3464 35:
478 3398 527 3460 So'o
554 3402 711 3464 viluerat.
757 3401 798 3481 ΙΙ,
821 3409 850 3481 3,
878 3409 929 3468 13;
973 3409 1086 3484 Nempe
1109 3411 1165 3472 hoc
1187 3414 1229 3472 sic
1251 3431 1311 3474 esse

152 3502 270 3576 opinor.
316 3498 374 3574 111,
399 3502 427 3576 3,
451 3500 506 3560 22:
534 3498 674 3561 Profecto
696 3501 739 3559 so'o
760 3505 808 3562 est.
847 3499 912 3566 CH.
951 3506 1000 3566 Sic
1023 3508 1135 3582 hercle,
1158 3517 1191 3568 ut
1213 3510 1308 3577 dicem

152 3600 219 3660 troi.
264 3594 323 3675 111,
346 3603 376 3671 ι,
399 3600 432 3660 9:
478 3596 529 3656 su
550 3615 599 3657 res
622 3603 672 3658 eso.
718 3595 755 3676 v,
778 3604 809 3677 4,
835 3603 882 3664 ro.
910 3599 1036 3668 phorm.
1060 3603 1085 3683 1,
1110 3609 1138 3682 a,
1161 3610 1214 3670 20:
1260 3607 1310 3670 su

149 3700 195 3758 cst
215 3698 372 3770 ingenium.
417 3691 477 3770 III,
502 3697 530 3771 2,
554 3697 613 3756 42;
638 3696 681 3756 sic
704 3714 776 3760 sum.
821 3694 897 3762 Hac.
920 3697 979 3780 Ill,
1000 3706 1028 3782 5,
1049 3706 1096 3765 10.
1139 3702 1254 3772 Bacch.
1278 3723 1307 3770 v.

150 3797 231 3856 670:
276 3797 340 3856 Nec
369 3796 470 3868 placet
499 3809 553 3852 uec
582 3797 740 3855 coquerem·
768 3792 880 3874 Amph.
911 3797 991 3877 prol.
1020 3817 1048 3863 v.
1077 3805 1148 3864 104:
1180 3820 1234 3878 ego
1257 3821 1308 3864 voe

153 3893 273 3952 novisse
303 3893 395 3952 credo
421 3892 479 3950 iam
507 3893 541 3948 ut
567 3890 607 3949 alt
633 3907 715 3950 meus
745 3899 842 3966 puter.
889 3893 1053 3974 111‚4,9.
1099 3896 1188 3978 Caph.
1212 3898 1255 3978 ΙΙ,
1280 3904 1307 3974 Ι,

150 3993 203 4054 39.
247 3987 362 4054 Bacch.
390 3985 450 4056 III,
478 3989 507 4063 2,
538 3987 589 4048 16;
635 3987 721 4047 Sisue
751 4008 844 4052 necne
872 3998 906 4054 ut
933 4012 993 4056 esse
1022 4005 1147 4072 oportet.
1191 3996 1306 4062 Bacch.

147 4105 178 4150 v.
212 4089 287 4152 662:
315 4095 351 4149 ot
378 4101 601 4163 quaequomque
631 4103 680 4145 res
709 4091 759 4146 est.
805 4105 833 4148 u.
864 4093 941 4154 725:
985 4095 1079 4156 Nimis
1109 4093 1183 4172 [hic]
1212 4096 1306 4156 helluo

149 4193 240 4262 utque
268 4193 303 4250 ol
331 4204 390 4249 esse
416 4198 550 4246 maxume
581 4182 719 4256 optabam
749 4192 855 4252 locust.
902 4187 996 4254 Most.
1022 4209 1050 4254 u.
1082 4195 1150 4254 149.
1175 4193 1233 4252 901
1259 4205 1305 4270 sq.
