3036 4766
267 140 331 204 346
558 130 621 172 CAP.
635 131 681 172 XV.
708 130 857 172 DOCTRINA
889 129 1137 171 nnnnclsulonnll.

268 325 380 386 addito.
426 323 504 396 Quoi
526 339 598 382 auro
622 323 727 382 dentes
749 313 841 381 ¹vincti
863 326 980 396 escunt,
1002 323 1052 380 ost
1074 321 1114 380 im
1137 339 1203 382 cum
1220 322 1275 382 illo
1299 319 1441 394 sepelire

268 438 393 482 creuere
417 437 448 480 se
477 418 582 480 fraude
610 424 684 480 esto.
729 415 832 480 Plani.
856 414 947 497 Cupi·
970 415 1035 495 111,
1060 422 1093 494 5,
1117 421 1174 486 32:
1210 420 1269 492 Qui
1292 434 1352 492 per
1376 417 1440 475 vir·

267 525 362 579 tutem
385 518 478 594 perit,
500 521 533 576 44
556 534 614 576 444
637 513 693 591 [is]
711 516 825 590 interit,
841 513 882 578 de
898 530 960 594 quo
975 513 1046 580 loco
1062 513 1134 580 vide
1149 513 1240 578 Rost.
1257 515 1438 578 comment.

268 613 376 678 Plaut.
399 631 429 692 p.
454 615 526 676 241.

354 727 382 774 o.
421 710 470 775 De
493 715 527 770 ot
547 711 669 772 enimv.
686 707 894 789 Hsndinmp.
915 713 980 773 444
996 725 1065 789 sqq.
1086 707 1184 772 Nasu.
1202 706 1437 789 Gymnasticns

267 805 306 872 fr.
331 813 359 870 7.
401 805 505 871 Plani.
535 805 612 872 cist.
635 805 690 886 lv,
715 811 749 884 2,
779 812 835 874 73:
864 807 910 867 Aa
936 810 1014 870 enim
1044 809 1097 868 ille
1126 809 1244 882 quidem
1272 813 1436 882 argentum

268 907 393 982 expetit.
438 903 507 968 HA.
530 905 575 967 At
595 909 674 966 enim
696 910 811 983 expetit
839 907 1026 982 nequiquam.
1073 903 1188 969 Bacch.
1217 921 1245 966 v.
1276 908 1360 968 991:
1391 901 1436 961 At

267 1004 345 1066 enim
367 1004 446 1078 quod
468 1011 498 1064 te
517 1004 604 1066 iubeo
626 1003 730 1066 facins.
775 1002 831 1083 lv,
858 1007 915 1082 lO,
938 1007 972 1070 6:
999 1010 1032 1064 ot
1057 1005 1134 1062 enim
1162 1005 1295 1064 iduare.
1336 999 1433 1064 Most

268 1098 335 1176 ΙΙΙ,
357 1104 392 1172 2,
419 1104 494 1164 121:
517 1105 550 1162 44
571 1103 649 1161 enim
670 1104 821 1164 mulieres.
860 1106 896 1176 3,
915 1103 972 1164 19:
993 1101 1130 1162 Atesim
1151 1102 1274 1177 nequid
1292 1100 1433 1174 captioni
1496 1109 1497 1128 ¹

273 1200 345 1258 mihi
373 1201 428 1274 sit,
463 1201 488 1260 si
521 1200 653 1260 dederim
678 1200 741 1260 tibi.
786 1198 869 1262 Men.
900 1197 938 1273 V,
962 1202 993 1277 2,
1016 1202 1071 1264 39:
1101 1200 1249 1260 Atesim
1277 1200 1331 1258 ille
1364 1199 1433 1256 hinc

269 1305 349 1358 amat
373 1299 563 1358 meretricem
586 1314 623 1356 ex
644 1315 797 1372 proxumo.
844 1293 960 1360 Pseud.
983 1294 1015 1374 Ι,
1046 1300 1082 1374 5,
1108 1301 1161 1358 21:
1195 1297 1240 1394 ⁴2¹5
1266 1298 1348 1356 enim
1380 1313 1430 1355 ne·

268 1397 406 1469 quiquam
429 1396 521 1456 nevis.
565 1410 593 1455 v.
621 1397 694 1456 124:
716 1394 760 1454 Aa
780 1395 937 1455 enimenin
958 1396 1028 1469 quid
1044 1396 1116 1454 mihi
1130 1397 1160 1454 in
1177 1399 1306 1454 mentem
1324 1391 1432 1452 venit?

268 1488 318 1564 Π,
344 1495 379 1570 2,
402 1495 462 1556 sc:
485 1489 530 1551 At
551 1493 629 1551 snum
651 1494 715 1553 son
738 1495 808 1568 quid
832 1493 902 1554 esta
945 1490 1043 1555 Poen.
1066 1488 1127 1569 111,
1151 1496 1180 1568 3,
1203 1474 1261 1554 ie:
1283 1491 1329 1550 At
1354 1493 1431 1550 4444

269 1591 317 1650 hic
341 1593 432 1664 clam,
456 1589 571 1666 furtim,
596 1606 662 1650 esse
685 1592 755 1652 volt.
799 1587 857 1661 lv,
881 1593 916 1667 2,
940 1592 994 1654 92:
1016 1589 1061 1649 At
1082 1591 1160 1649 enim
1183 1591 1256 1650 nihil
1278 1595 1336 1666 est,
1361 1590 1429 1661 nisi,

269 1688 337 1746 dum
361 1688 455 1761 calet,
479 1689 536 1748 hoc
559 1688 667 1763 agitur.
706 1685 744 1766 V,
767 1690 805 1764 4,
830 1689 884 1750 26:
906 1687 952 1747 Aa
972 1688 1050 1747 enim
1072 1689 1140 1749 volo
1163 1689 1219 1748 hoc
1239 1704 1323 1762 agas.
1361 1683 1427 1748 HA.

268 1782 315 1842 At
337 1786 415 1843 44444
436 1802 501 1860 ago.
546 1783 634 1848 Pers.
659 1782 696 1862 V,
720 1788 756 1859 2,
782 1788 839 1847 51:
862 1784 1026 1858 Atesim,
1049 1785 1128 1860 qnod
1149 1786 1200 1846 ille
1224 1785 1350 1860 meruit,
1376 1785 1428 1844 tibi

269 1882 300 1941 id
325 1883 404 1942 obsit
425 1883 502 1943 volo.
549 1879 647 1944 Stich.
669 1879 700 1960 Ι,
724 1885 759 1960 2,
785 1882 1010 1946 72:21th
1033 1901 1086 1944 nos
1110 1900 1233 1958 quarum
1256 1899 1307 1942 res
1330 1883 1428 1956 agitur

267 1980 359 2039 aliter
381 1985 519 2039 auctores
550 1997 658 2042 snmus.
703 1977 873 2058 Trium,
898 1985 931 2055 3,
956 1984 1011 2044 77:
1041 1978 1087 2040 Aa
1114 1982 1192 2040 euim
1222 1980 1309 2038 nimis
1339 1980 1425 2052 longo

270 2093 407 2138 sermone
430 2078 554 2137 utimur:
586 2078 674 2138 Diem
701 2079 888 2151 conficimus,
915 2095 1002 2153 quom
1031 2079 1089 2139 iam
1119 2082 1315 2153 properatost
1342 2093 1423 2150 opus·

269 2171 395 2237 Terent.
419 2172 535 2236 Heaut.
559 2171 613 2252 lv,
638 2179 673 2253 3,
697 2179 753 2239 21:
777 2173 837 2240 SY.
861 2176 1057 2237 videndumst
1071 2209 1115 2218 -
1130 2177 1217 2236 amici
1234 2192 1351 2249 qnoque
1366 2191 1422 2246 res,

269 2272 384 2344 Clinia,
407 2274 502 2332 tulin
526 2279 590 2332 tuto
613 2278 646 2332 44
668 2275 853 2334 4441444444.
898 2275 975 2336 Nam
997 2277 1024 2335 si
1047 2291 1163 2336 nuncu
1186 2273 1271 2334 nobis
1300 2274 1365 2332 abis
1395 2277 1423 2330 et

269 2370 447 2430 Bacchidem
472 2371 519 2428 hic
544 2371 702 2446 relinquis,
726 2371 824 2432 Senex
846 2374 992 2433 resciscet
1014 2374 1085 2434 ilico
1102 2388 1168 2432 esse
1185 2372 1262 2431 hanc
1279 2370 1422 2444 Clitipho·

270 2469 332 2528 nis:
358 2469 389 2527 Si
412 2469 583 2546 adduxeris,
607 2471 771 2546 celabitur,
794 2469 898 2529 itidem
922 2478 955 2530 ut
971 2471 1182 2538 colutaadlruc
1203 2475 1257 2528 est.
1299 2461 1359 2528 01..
1383 2464 1424 2529 Ar

268 2565 347 2624 euim
369 2568 445 2626 istoc
468 2568 510 2626 nil
534 2574 581 2626 est
602 2569 712 2641 magis,
737 2567 827 2644 Syre,
858 2570 932 2628 meis
955 2569 1068 2642 nuptiis
1098 2567 1272 2639 advorsum,
1297 2563 1354 2628 ubi
1379 2562 1422 2627 di-

270 2668 356 2724 ctum
385 2661 487 2724 estin
511 2663 720 2740 occupatione
751 2661 874 2728 alienae
896 2661 948 2726 vel
971 2663 1150 2728 contrariae
1173 2662 1371 2741 sententiae,
1395 2679 1420 2724 v.

269 2756 417 2822 Schuetz.
441 2757 542 2824 doctr.
566 2763 647 2836 part.
671 2776 701 2838 p.
717 2762 768 2824 85.
805 2759 933 2826 Phorm.
950 2760 1010 2838 111,
1027 2765 1055 2830 2.
1072 2766 1104 2826 2:
1128 2764 1205 2824 Audi
1223 2763 1303 2838 qnod
1318 2763 1419 2822 dican.

269 2854 336 2920 n0.
359 2857 503 2919 Atesim
526 2858 629 2918 taedet
650 2861 709 2920 iam
732 2860 835 2921 audire
857 2861 963 2922 esdem
987 2862 1114 2922 miliens.
1158 2858 1295 2938 Adelph.
1325 2857 1371 2936 11,
1396 2863 1420 2928 1,

272 2957 327 3018 14:
350 2956 494 3014 Atesim
517 2974 574 3018 non
599 2958 702 3017 sinum.

354 3071 384 3132 p.
421 3053 467 3114 Ar
492 3055 582 3114 etiam
609 3051 714 3117 Plent.
738 3051 851 3133 Amph.
873 3052 941 3132 lv,
965 3057 1001 3133 2,
1030 3059 1066 3118 5:
1098 3056 1234 3118 Sceleste
1253 3061 1304 3122 ,ot
1337 3057 1419 3116 etium

268 3154 338 3228 qnid
357 3155 466 3230 uelim,
489 3153 519 3212 id
542 3162 574 3212 44
596 3169 643 3212 me
665 3149 776 3227 rogas?
800 3149 887 3214 Asin.
911 3150 956 3227 V,
988 3155 1025 3231 2,
1054 3157 1109 3217 73;
1139 3151 1184 3213 As
1216 3155 1306 3213 etiam
1337 3154 1419 3214 44444
1493 3161 1494 3190 l

268 3253 409 3310 cuculus:
434 3268 522 3327 surge
546 3256 672 3310 amator.
716 3245 808 3326 capt.
832 3265 861 3311 v.
883 3254 948 3314 454
970 3266 1034 3330 sq:
1058 3251 1205 3327 Expediri
1227 3270 1264 3310 ex
1281 3253 1417 3312 servitute

268 3346 371 3422 filium,
395 3351 420 3406 si
447 3350 491 3409 dis
514 3350 623 3423 placet
669 3347 717 3409 Ae
734 3348 824 3409 etium
840 3349 974 3411 dubitaui
997 3351 1051 3412 hos
1074 3349 1208 3409 homines
1233 3366 1362 3408 emerem
1384 3365 1415 3408 44

268 3463 328 3506 444
351 3462 480 3508 emerem
504 3447 562 3506 din.
606 3443 665 3523 ΠΙ,
688 3432 723 3520 4,
748 3449 802 3509 31:
825 3445 995 3523 Aletium,
1018 3446 1159 3524 furcifer,
1182 3448 1264 3506 Male
1288 3448 1368 3521 loqui
1381 3446 1415 3504 ni

257 3537 385 3632 ¹audes?
427 3537 493 3606 Mil.
517 3540 573 3618 IV,
596 3547 633 3621 4,
657 3546 694 3606 6:
718 3546 761 3607 Ut
781 3547 881 3621 lepide
897 3547 1105 3608 deruncinavit
1126 3546 1262 3606 militem.
1299 3540 1357 3606 ΜΙ.
1379 3541 1416 3602 lt
1492 3575 1493 3588 .

267 3641 494 3718 stamparum.
540 3639 621 3706 sur.
649 3639 715 3720 111,
745 3647 783 3720 4,
813 3645 841 3708 4.
886 3641 963 3706 urin
992 3641 1048 3721 iv,
1079 3645 1114 3722 2,
1145 3644 1221 3706 149:
1257 3640 1305 3701 44
1334 3642 1414 3700 eram

267 3737 443 3800 maledicis?
480 3736 607 3802 Terent.
630 3737 713 3804 Eun.
735 3737 896 3818 lv,4,1:
920 3742 977 3801 Exi
1000 3739 1098 3816 lorus,
1121 3741 1266 3802 sceleste:
1289 3744 1322 3800 44
1335 3739 1412 3799 eum

254 3831 407 3913 restitus,
430 3837 590 3911 Fugitivo?
633 3834 672 3916 V,
688 3839 718 3916 6,
734 3840 772 3902 8:
793 3837 839 3899 As
857 3839 946 3900 etium
966 3841 1062 3915 primo
1077 3839 1217 3900 callidum
1233 3845 1265 3898 et
1280 3839 1411 3899 disertm

268 3934 385 3996 credidi
408 3934 566 3998 hominem.
1491 3989 1492 4012 ,

355 4047 384 4110 q.
421 4029 564 4102 4444,
592 4038 625 4094 at
644 4051 732 4096 4444.
780 4031 1087 4113 plantamur,
1118 4037 1150 4111 1,
1184 4035 1260 4096 ree:
1292 4031 1408 4094 nenne
1491 4013 1492 4099 l

268 4148 355 4192 nunc.
400 4127 475 4194 ΜΕ.
497 4130 542 4192 Aa
561 4132 624 4190 ium
645 4130 753 4192 faciam
776 4139 809 4193 ut
831 4151 932 4194 rerum
956 4133 1037 4194 dieas
1066 4132 1175 4195 dicere.
1221 4129 1307 4194 Trin.
1330 4126 1364 4205 V,
1383 4129 1407 4201 2,
