3048 4770
224 201 289 265 216
516 191 580 232 ΟᾸΡ.
593 192 639 234 XV.
653 189 803 232 nourrius
816 188 1066 233 EBUNGMTIONUH.

223 385 439 460 sycophantam
466 388 499 443 ot
521 381 690 460 subdolum,
720 398 763 445 sc.
790 337 877 446 lasse¹
898 385 1044 460 oportet.
1064 377 1158 467 Rud.
1184 376 1228 455 ll,
1259 382 1296 454 7,
1327 379 1389 439 12:
1471 344 1475 350 ι

224 481 310 541 Intro
339 497 473 556 rumpam
501 481 560 540 iam
588 479 646 540 hue
677 480 710 539 iu
738 481 866 541 Veneris
892 479 1001 540 fanum.
1055 475 1121 542 CH.
1153 479 1188 538 In
1210 477 1390 538 barathrum

225 579 372 645 mavelim,
400 593 442 640 so.
471 579 509 639 ut
535 592 675 655 rumpas.
720 574 777 655 IV,
809 581 838 655 3,
867 579 923 641 29:
951 580 1038 638 Hune
1066 577 1154 640 homo
1183 591 1316 638 nemo-a
1338 593 1390 636 ma
1511 613 1512 654 ,

225 673 319 735 ieret:
343 692 380 734 ne
403 680 437 733 1ιι
459 679 488 733 te
512 691 616 748 speres
640 678 723 736 oeins
745 670 803 754 (sc.
826 671 968 736 laturum
991 675 1083 750 esse).
1106 679 1137 752 4,
1161 678 1216 739 30:
1242 675 1328 751 Quid,
1353 680 1386 733 tu

225 771 305 831 idem
328 773 371 832 vis
394 772 529 831 mihimet
550 771 625 844 fieri,
650 773 728 846 quod
750 790 821 833 erus
851 775 1005 834 consuerit
1034 769 1314 836 1111155155515
1346 769 1389 848 V,

225 872 257 943 4,
280 871 319 930 57
326 886 336 931 z
358 886 413 942 ego
435 869 554 956 habeo.
587 866 655 936 GR.
680 868 749 945 [Tu]
773 871 893 930 hercle:
918 881 949 930 at
972 888 1027 948 ogo
1049 887 1096 929 me
1119 873 1247 944 mavolo,
1269 885 1312 932 st.
1329 867 1387 932 ba·

225 964 314 1030 bere.
359 962 453 1028 Truu.
482 964 664 1045 11,2‚27:
697 969 875 1044 comprimo.
924 965 984 1030 ST.
1016 969 1238 1043 Spero'meam
1266 967 1389 1042 quidem

225 1065 339 1140 hercle,
362 1078 406 1125 se.
431 1079 686 1142 compressurum
709 1079 782 1128 esse
805 1079 917 1128 vocem
939 1068 996 1127 aut
1023 1064 1103 1126 iram
1119 1063 1202 1139 (sod
1229 1063 1311 1127 haee
1340 1062 1392 1126 ita

226 1159 376 1240 ambigue
404 1159 489 1224 dieta
519 1165 607 1236 sunt,
634 1164 672 1224 ut
701 1161 798 1224 etiam
825 1161 959 1224 amicam
987 1159 1168 1240 intelligere
1198 1160 1313 1240 possis,
1347 1159 1391 1222 de

226 1273 291 1337 qua
311 1275 347 1320 re
369 1256 442 1320 vide
465 1255 630 1337 Lipsium).
676 1255 707 1322 S.
724 1255 757 1320 O.
782 1257 822 1320 de
845 1257 978 1322 Bacch:
1008 1261 1051 1319 ita
1074 1261 1289 1320 exdeieendnm
1315 1276 1388 1319 een·

226 1375 313 1420 auore
340 1387 376 1398 -
402 1357 453 1416 Sei
475 1375 549 1434 ques
572 1364 666 1424 esaut,
690 1359 758 1432 quei
781 1357 857 1418 sibei
880 1356 1035 1432 deicerent
1062 1374 1187 1419 nodosus
1215 1375 1266 1418 ese
1297 1358 1392 1417 baea-

225 1456 276 1515 nal
304 1455 425 1526 babere,
454 1456 516 1514 aeis
545 1455 600 1530 (so.
628 1451 836 1517 ordinandum
863 1450 959 1532 esse),
993 1456 1055 1514 otei
1091 1455 1129 1514 ad
1157 1458 1204 1518 Pr.
1242 1455 1392 1514 urbanum

226 1553 352 1612 Romam
374 1552 521 1612 venirent.
567 1548 696 1634 Terent.
719 1548 817 1614 Andr.
841 1549 884 1625 H,
908 1555 937 1628 2,
963 1553 1017 1612 10:
1039 1553 1082 1612 Et
1103 1553 1174 1628 quid
1205 1559 1246 1622 tn,
1277 1564 1320 1614 sc.
1347 1550 1392 1612 n-

226 1664 326 1711 meas,
372 1643 428 1724 IV,
457 1651 488 1726 4,
516 1651 572 1710 451
600 1649 709 1710 Audivi
737 1651 797 1709 iam
829 1650 936 1710 omnia.
990 1648 1059 1712 DA.
1088 1653 1174 1712 Anne
1204 1657 1238 1710 tn
1267 1647 1393 1708 omnia?

194 1760 196 1764 ·
228 1761 273 1809 55.
308 1742 468 1809 audivisti.
493 1747 522 1820 5,
548 1748 604 1808 10:
638 1747 699 1804 iam
731 1747 780 1807 bie
805 1764 881 1822 ,suos
903 1748 1038 1822 parentia
1065 1747 1222 1823 repperit?
1255 1747 1390 1807 Utinam.

227 1838 290 1904 CR.
312 1845 359 1902 Au
382 1861 440 1904 nou
464 1843 532 1903 dum
554 1843 668 1903 eham?
689 1841 771 1907 Eun.
795 1841 854 1921 ΙΙΙ,
881 1848 907 1921 1,
932 1849 985 1907 54:
1008 1846 1042 1906 ui
1064 1848 1198 1930 laudabit
1213 1847 1287 1904 haee
1304 1844 1394 1903 lilius

226 1939 367 2002 formam:
391 1947 424 2000 tn
452 1942 539 2002 buius
570 1949 685 2014 eontra,
713 1955 767 2002 sc.¹
783 1937 917 2004 formam
951 1940 1091 2005 laudato.
1144 1941 1243 2005 Plane
1273 1937 1395 2003 similia

225 2035 337 2101 attulit
359 2035 475 2101 Bernb.
500 2053 517 2100 a
541 2033 674 2112 Graecis
696 2057 725 2112 p.
749 2040 812 2102 456
836 2045 917 2102 extr.
962 2037 1019 2118 IV,
1044 2043 1071 2118 1,
1091 2043 1142 2106 12:
1164 2043 1200 2100 ln
1224 2041 1392 2101 cenuvium

228 2134 350 2212 illumi,
374 2133 428 2196 ubi
451 2150 514 2198 seo.
545 2133 707 2197 Donatum
735 2151 773 2198 ex
800 2135 991 2215 praegresso
1021 2155 1134 2198 arcesse
1160 2122 1269 2200 mente
1297 2151 1391 2213 repe·

226 2230 358 2294 tendum
382 2235 432 2296 est
454 2231 592 2320 51515555.
638 2229 754 2296 Η55111.
778 2230 804 2312 I,
827 2235 857 2312 2,
885 2238 937 2296 l‘l:
962 2236 1048 2296 Nouo
1078 2240 1226 2317 servolum
1255 2236 1292 2295 ad
1323 2251 1389 2292 eam

226 2331 258 2390 in
281 2332 384 2390 urbem
408 2329 503 2404 misit,
527 2334 561 2394 et
574 2346 634 2410 ego
658 2337 793 2392 nostrum
816 2349 875 2391 nna
897 2332 1010 2406 Syrum.
1057 2330 1095 2411 V,
1121 2339 1149 2412 l,
1173 2335 1241 2396 761Δ
1259 2333 1316 2392 Hie
1339 2331 1383 2389 ita
1511 2345 1512 2414 7

226 2434 261 2488 ut
283 2430 395 2489 liberos
418 2436 465 2488 ent
488 2445 613 2504 aequom
635 2433 689 2500 (sc.
713 2425 892 2498 confutari),
909 2430 997 2490 dietis
1013 2431 1226 2492 confutabitur.
1249 2425 1388 2507 Adelph.

225 2521 287 2601 Ill,
310 2529 340 2602 4,
364 2528 398 2586 8:
421 2526 488 2584 Nisi
508 2525 632 2598 facient,
657 2544 731 2600 quae
754 2528 823 2586 illos
847 2520 1002 2602 aequomst
1026 2527 1083 2605 (sc.
1103 2526 1327 2604 iacerethaud
1345 2527 1390 2586 sie

226 2620 375 2683 auferent.
418 2619 613 2700 Ρ1151111.ΙΙ,
638 2625 755 2700 3,.161
782 2623 928 2684 Nossem?
964 2621 1031 2687 PH.
1062 2627 1117 2688 Ita.
1140 2625 1208 2690 Du.
1248 2629 1313 2700 ugo
1340 2641 1390 2683 me

226 2727 315 2794 dego,
340 2734 382 2781 sc.
407 2707 479 2780 eum
502 2734 606 2781 nosse.
650 2723 681 2796 4,
704 2705 741 2783 8:
765 2721 832 2794 Dio,
857 2721 989 2783 Cratino.
1034 2720 1097 2786 CR.
1128 2728 1216 2786 Mene
1247 2721 1313 2784 vis?
1343 2737 1388 2784 sc.

226 2813 336 2877 dicere
359 2831 462 2877 meam
486 2815 686 2879 seutentiam.
731 2815 869 2896 Adelph.
890 2815 945 2894 IV,
970 2822 998 2897 2,
1030 2823 1085 2885 29:
1115 2825 1195 2883 idem
1226 2820 1304 2898 qnod
1332 2837 1391 2895 ego

229 2916 333 2972 suasit.
363 2945 403 2956 -
432 2916 528 2992 Quasi
553 2917 581 2976 sl
609 2912 710 2994 igitur
736 2931 814 2978 non
829 2919 880 2978 est
905 2907 1108 2996 pleonasmus
1138 2917 1181 3006 (v.
1204 2918 1324 2998 Reisig.
1355 2935 1391 2996 p.

226 3011 313 3086 803),
336 3026 398 3074 non
421 3011 523 3093 magis
545 3028 641 3090 quam
663 3003 763 3092 ὥσπερ
786 3005 822 3073 dv
845 3012 870 3072 si
891 3013 977 3093 apud
1000 3015 1151 3096 Graecos,
1174 3017 1214 3082 de
1237 3033 1300 3096 quo
1315 3015 1393 3080 vide

225 3104 344 3171 Bernh.
372 3125 404 3187 p.
431 3115 504 3174 456.
555 3107 607 3202 Sit
633 3107 737 3175 Plane.
766 3107 836 3173 Cas
863 3110 945 3190 prol.
974 3130 1003 3175 v.
1026 3117 1084 3177 46:
1114 3117 1252 3190 educauit
1280 3133 1390 3192 magua

225 3207 385 3286 industria,
408 3210 503 3284 Quasi
525 3210 553 3268 si
575 3216 657 3270 esset
679 3226 716 3268 ex
739 3227 770 3268 se
794 3217 874 3271 nata.
1127 3267 1135 3272 ,.

264 3337 267 3342 ,
312 3309 341 3364 4.
386 3301 531 3368 Tertium
554 3321 656 3384 genus
677 3303 949 3384 breviloquentiae
978 3313 1028 3370 est
1054 3327 1189 3388 resumo,
1221 3308 1313 3373 cuius
1339 3309 1393 3374 vis

222 3397 320 3462 ineo
342 3398 450 3479 posita
472 3406 532 3480 est,
555 3405 592 3465 ut
613 3419 712 3466 unum
735 3401 868 3466 verbum
896 3404 937 3468 ad
962 3405 1090 3487 singula
1116 3408 1260 3472 membra
1288 3401 1392 3470 ennu-

226 3493 374 3560 oiatinnis
397 3495 567 3562 referatur.
612 3499 716 3564 Plaut.
740 3498 813 3563 hul.
834 3492 894 3580 Ill,
918 3505 947 3582 6,
973 3507 1028 3570 24:
1053 3507 1127 3572 Tum
1151 3508 1307 3567 obsonium
1334 3525 1388 3566 an·
1423 3579 1427 3584 Ι

224 3599 295 3654 tem.
338 3592 439 3658 Recte
463 3595 664 3661 Dissaldeus:
691 3595 915 3681 ,‚Subandiunt
936 3603 1044 3663 11151511
1066 3602 1125 3679 [511
1148 3597 1306 3681 Taubm.],
1331 3601 1390 3668 sed

223 3694 314 3755 reete
336 3691 638 3774 subintelligendum
661 3698 711 3759 est
733 3695 787 3772 [ex
810 3697 989 3776 antecodd.]
1012 3710 1114 3774 potest
1135 3684 1294 3762 absumere
1318 3703 1390 3762 tibi·

221 3795 301 3867 oina,
324 3794 362 3850 ut
383 3787 501 3856 fontem
523 3785 730 3860 interbibere.
752 3793 952 3874 .Ρ1ορ15155
980 3795 1154 3876 respondet
1176 3795 1384 3878 Megadorus,

220 3904 287 3952 uon
309 3903 413 3967 posse,
438 3889 564 3954 etiamsi
587 3892 630 3954 sit
643 3891 782 3979 maxima
808 3893 963 3972 esitatrix,
986 3893 1061 3974 quia
1076 3895 1161 3974 quod
1182 3895 1271 3960 misit
1290 3896 1389 3960 etiam

220 3983 342 4065 legioni
364 3986 442 4050 satis
467 4004 537 4061 esse
559 3985 693 4068 possit.‘⁴
738 3987 832 4062 Most
856 3989 894 4070 V,
921 3997 948 4071 l,
973 3995 1030 4056 31:
1053 3995 1131 4066 Quia
1153 4004 1256 4070 negat·
1269 3997 1390 4056 novisse
1511 4053 1512 4066 ,

221 4105 284 4148 uos.
329 4071 392 4148 uli.
416 4085 534 4162 Negat?
568 4084 738 4172 THEUR„
776 4091 841 4150 Neo
875 4107 926 4150 vos
965 4091 1021 4151 sibi
1055 4092 1213 4152 Nummum
1248 4111 1387 4168 nmquam
1511 4079 1512 4134 i

225 4187 360 4260 argentei
382 4185 512 4266 dedisse,
536 4185 768 4266 5511151515
790 4191 880 4262 nepot
902 4190 1091 4266 expectatur
1112 4187 1180 4252 sive
1203 4193 1231 4248 et
1251 4207 1311 4268 pro
1326 4207 1391 4269 aee,
