3036 4766
268 141 328 204 3¹12
564 131 626 171 ΟΔΡ.
643 131 687 170 XV.
701 129 848 172 DOOTBIM
863 129 1111 170 maurentionem.

347 325 396 388 57.
441 317 505 388 Sed
526 321 725 386 transeamus
747 319 788 384 ad
808 321 1026 404 negationem,
1049 323 1132 402 quae
1155 335 1227 384 cum
1249 322 1283 382 et
1303 334 1359 397 per
1383 323 1413 380 si

260 439 320 484 aaa
341 422 375 484 et
395 434 454 500 per
474 421 534 482 adal
555 417 766 498 exprimatur,
794 417 962 484 videndum
990 423 1041 484 est
1072 418 1224 498 primun,
1251 415 1412 495 quomodo

262 515 322 582 hae
345 517 426 584 duae
456 514 631 597 particulae
660 514 744 580 inter
770 535 804 582 se
832 515 990 582 differant.
1033 515 1233 597 singularem
1261 513 1413 592 disquisi-

262 614 410 680 sitionem
439 614 479 678 de
501 613 560 678 hac
588 631 624 677 re
653 613 792 679 instituit
817 613 1015 680 Loesohkius
1039 614 1070 678 in
1100 613 1181 678 libro
1209 611 1264 693 qui
1291 609 1414 692 prodiit

258 711 401 778 Badissa
426 714 517 776 1843.
562 710 737 777 Audiamus
752 711 913 779 Handium
926 713 959 777 in
973 707 1109 776 Turseli.
1131 710 1187 782 IV,
1204 727 1233 790 p.
1250 713 1313 775 215
1325 726 1412 790 squ:

263 808 420 890 „Quando
442 807 569 890 negatio
591 809 713 876 accedit
734 810 775 876 ad
797 811 1026 890 conditionem,
1049 815 1181 875 autres
1203 807 1330 874 tollitur
1350 825 1414 889 per

264 906 453 974 conditionis
485 904 658 988 maionem,
693 925 756 988 quc
785 907 823 974 fit
850 913 924 990 atsi,
957 913 1093 974 autres
1122 924 1181 987 per
1207 906 1414 986 negationem

265 1004 391 1070 sublata
412 1003 445 1069 in
466 1003 675 1072 conditionem
697 1005 861 1086 recipitur,
883 1007 968 1072 unde
982 1003 1061 1070 futei
1081 1024 1156 1068 aaa:
1179 1003 1265 1084 quod
1287 1007 1414 1068 utrum-

263 1118 325 1183 que
347 1100 471 1167 etiamsi
491 1102 524 1167 iu
547 1103 657 1170 eadem
680 1104 838 1170 sententia
858 1105 985 1172 admitti
1007 1107 1127 1184 potest,
1150 1107 1259 1168 mmen
1280 1101 1413 1181 utrique

265 1200 360 1266 etiam
376 1203 482 1266 manet
496 1201 674 1282 proprietas
689 1202 854 1282 quaedam.
891 1203 996 1282 Quare
1018 1202 1050 1266 in
1072 1199 1253 1267 differentia
1274 1200 1414 1264 istorum

262 1298 432 1364 uerborum
456 1297 646 1364 declaranda
667 1299 799 1366 multam
822 1317 951 1382 operam
971 1303 1236 1380 consumpserunt
1252 1315 1413 1379 gramma

262 1395 326 1462 tici.
371 1393 487 1462 Omnes
507 1395 731 1464 intellexeruut
752 1399 878 1478 quidem
897 1398 929 1462 iu
951 1401 1012 1462 aial
1026 1396 1225 1478 negationem
1239 1395 1363 1460 attrahi
1378 1400 1411 1459 et

262 1512 333 1560 cum
355 1493 573 1562 coniunctione
596 1495 746 1577 copulari,
769 1496 801 1562 in
823 1501 850 1559 a·
870 1515 930 1558 aaa
952 1515 1022 1561 eam
1037 1494 1197 1576 pertinere
1219 1493 1410 1558 adverbum

262 1598 319 1657 aut
351 1591 393 1658 ad
424 1590 511 1658 aliud
542 1608 656 1658 nomen
688 1593 860 1676 singulare.
916 1594 1022 1674 Atque
1059 1593 1226 1672 utriusque
1261 1591 1409 1656 dictionis

265 1689 400 1756 similem
415 1707 486 1754 esse
505 1689 660 1756 rationem
677 1695 744 1756 tum
761 1709 818 1758 eae
833 1691 961 1775 linguas
976 1690 1157 1766 ostendunt,
1173 1691 1205 1754 iu
1221 1690 1339 1769 quibus
1350 1707 1411 1754 uua

265 1789 388 1853 tantum
411 1787 535 1853 dicendi
557 1786 659 1853 torma
681 1793 798 1867 exstat,
821 1795 889 1855 tum
911 1789 1083 1855 multitudo
1103 1805 1212 1854 aarum
1235 1788 1408 1853 seutentia-

264 1903 350 1965 rum,
373 1901 454 1964 quae
477 1889 613 1964 utruque
642 1888 736 1952 modo
758 1887 870 1952 Latium
896 1888 1030 1968 exprimi
1060 1891 1200 1968 possunt
1246 1885 1330 1950 Nam
1351 1903 1406 1966 per

262 1985 323 2046 alai
344 1987 480 2064 negatur
500 1982 542 2062 id,
565 1985 649 2064 quod
672 1985 857 2052 conditionis
878 1985 1204 2064 nomineinteroadit,
1227 2001 1288 2065 per
1308 1988 1337 2046 aa·
1352 2001 1409 2044 aaa

264 2080 395 2161 ponitur
416 2079 562 2159 conditio,
585 2099 667 2162 quse
689 2083 889 2165 negationem
910 2083 1121 2149 insonabat:
1144 2087 1318 2161 utrumque
1332 2097 1405 2146 vero

266 2195 361 2259 saepe
383 2179 424 2245 ad
445 2179 530 2244 idem
552 2180 647 2260 redit,
678 2181 746 2247 sive
769 2181 978 2246 coemtionem
1001 2187 1116 2259 tutam,
1138 2181 1205 2246 sive
1228 2179 1407 2257 pmmariam

267 2277 335 2344 eius
358 2282 481 2358 partem
503 2280 648 2359 negando
675 2279 778 2345 tollas·
800 2314 842 2324 -
864 2278 998 2348 Omnes,
1023 2279 1077 2359 qui
1104 2281 1144 2343 de
1171 2279 1232 2344 hcc
1262 2297 1323 2344 usu
1350 2277 1410 2342 dis-
1492 2321 1493 2360 p

266 2379 448 2454 sememat,
477 2374 766 2458 incatenantur,
800 2377 951 2456 quadan
979 2380 1040 2440 aiei
1066 2383 1226 2455 tamquam
1256 2395 1280 2440 a.
1300 2373 1409 2440 funda·
1491 2439 1492 2454 ,

267 2477 374 2540 mento
396 2472 581 2554 incipientes
603 2469 821 2540 demonstrare
842 2475 980 2548 student,
1003 2474 1117 2554 quibus
1130 2475 1163 2538 in
1178 2473 1257 2539 locis
1271 2478 1410 2538 mutetur

270 2569 432 2651 legitimus
454 2588 530 2634 usus
557 2575 637 2636 etsi
663 2592 723 2634 aaa
749 2590 807 2653 pro
830 2575 894 2636 adai
922 2584 1067 2653 ponatur.
1112 2571 1229 2637 Contra
1251 2571 1337 2636 euim
1358 2571 1409 2638 de

267 2667 505 2734 monstrandum
529 2669 608 2748 erit,
640 2687 702 2751 quo
728 2671 820 2736 modo
843 2671 948 2736 Latini
970 2673 1031 2732 rasi
1052 2688 1110 2751 pro
1139 2673 1248 2734 maon
1267 2669 1406 2734 dixerint.
1488 2715 1489 2732 t

266 2797 308 2810 -
331 2755 558 2850 conditionalis
579 2767 710 2848 quaevis
737 2768 909 2847 sentemia,
936 2787 999 2850 qua
1025 2769 1145 2848 aliquid
1174 2783 1243 2833 esse
1273 2768 1403 2847 panim,
1487 2813 1488 2825 ,

268 2881 308 2928 ex
329 2879 392 2943 quo
414 2881 484 2943 res,
505 2864 545 2930 de
568 2865 828 2946 conloquimur,
856 2870 892 2930 ut
919 2864 975 2932 dat
1001 2871 1056 2932 aut
1084 2884 1147 2932 non
1169 2864 1225 2932 liat
1256 2865 1405 2946 sequitur,

270 2977 396 3043 semper
418 2964 467 3026 est
496 2960 699 3031 affirmativa:
727 2969 836 3045 petest
861 2969 969 3030 tamen
997 2965 1028 3030 iu
1059 2965 1240 3030 sehabere
1262 2969 1409 3044 negatam

270 3060 437 3127 notionem.
485 3061 612 3142 Duplex
639 3068 746 3129 autem
775 3069 826 3128 est
857 3060 959 3127 forma
986 3062 1081 3128 huius
1098 3061 1301 3141 :sententiaa
1330 3076 1410 3141 quse

271 3158 471 3240 negationem
493 3159 525 3223 in
548 3178 583 3224 se
605 3159 712 3239 habet,
733 3159 852 3241 duplex
873 3177 951 3226 usus
971 3160 1141 3226 verborum
1161 3163 1188 3222 si
1208 3177 1270 3224 nora
1291 3163 1325 3224 et
1344 3161 1410 3220 alat.
1483 3191 1484 3194 =

268 3256 410 3322 Primum
431 3257 515 3326 enim
535 3257 724 3338 simpliciter
744 3257 944 3338 componitur
966 3258 1133 3324 saumatis:
1148 3275 1218 3326 cum
1233 3255 1409 3324 conditione
1482 3264 1483 3289 ¹

269 3370 328 3418 sua
349 3353 404 3432 its,
426 3357 463 3418 ut
486 3356 713 3436 consequentis
732 3356 869 3424 exsistat
888 3360 922 3422 et
936 3356 1080 3437 ‘pmtasis
1100 3373 1171 3423 cum
1185 3355 1319 3432 apodasi
1342 3373 1410 3420 con·
1481 3337 1482 3379 ¹

267 3449 427 3532 iungatur.
471 3447 576 3528 Quare
606 3453 796 3534 ubiarmque
817 3452 972 3533 coemtio,
999 3453 1248 3535 qaaealiquam
1269 3471 1339 3520 rem
1362 3471 1410 3518 nc-

269 3548 397 3629 gatione
420 3549 512 3624 tollit,
534 3550 580 3618 ita
600 3551 739 3632 mntem,
764 3556 801 3618 ut
822 3569 862 3619 ex
875 3550 999 3618 directa
1014 3551 1215 3620 cunclusione
1239 3567 1407 3632 consequa·

272 3651 326 3714 tur
347 3647 476 3728 aliquid
500 3647 616 3718 dicitur
636 3651 663 3711 a·
683 3667 751 3712 aaa.
795 3648 875 3714 Tam
898 3666 936 3716 ex
957 3648 1275 3730 conditionaliparte
1297 3649 1408 3730 pendet

267 3744 389 3821 ultera,
419 3764 476 3814 nec
497 3751 638 3815 mutatur
659 3746 785 3818 adiecta
805 3746 975 3829 negatione
987 3747 1145 3814 :universa
1165 3746 1248 3814 ratio
1270 3744 1408 3816 vocabuli

269 3847 305 3919 ω’,
328 3841 386 3912 sed
406 3845 652 3927 negationum
674 3862 737 3912 uon
759 3844 839 3912 dass
861 3845 1089 3915 aumantium
1111 3849 1219 3926 partes
1242 3845 1406 3927 coniungit,

271 3956 367 4010 unam
407 3947 531 4008 tantmn
565 3941 736 4010 ‚notionem
772 3959 907 4010 unamve
948 3944 1124 4012 mammae
1159 3945 1286 4023 partam
1323 3943 1406 4010 tollit

270 4039 423 4118 Quaestio
444 4039 543 4122 igitur
564 4040 648 4114 redit
668 4041 709 4108 ad
731 4057 828 4118 umrm
850 4038 927 4120 hoa,
950 4057 1044 4122 quum
1058 4040 1162 4108 locum
1176 4039 1305 4122 negatio
1319 4041 1351 4104 in
1365 4039 1407 4104 luis

268 4139 435 4209 sententiis
457 4138 635 4207 obtineat.“
679 4132 785 4206 Etiam
799 4138 840 4206 ‚in
862 4137 1085 4207 distrinmione
1098 4153 1223 4218 :sequar
1245 4137 1404 4208 Handinm.
