3076 4762
222 187 283 250 152
653 175 782 218 VERBUU.
809 176 873 216 041².
887 176 936 216 xn.

224 376 260 432 7:
284 373 421 445 Expecto
443 370 516 443 quie
538 371 617 432 velie.
663 371 695 444 2,
718 374 752 430 δε
783 370 827 428 eri
851 383 970 442 semper
999 367 1108 426 lenitus
1131 366 1266 426 Verebar
1293 383 1383 438 quor-

221 487 288 530 sum
310 469 453 528 euaderet.
500 472 531 542 4,
556 472 592 529 7:
616 485 739 539 vereor,
763 468 835 538 quid
857 467 918 526 siet.
963 460 1027 540 III,
1051 465 1080 540 2,
1103 466 1158 524 45:
1187 464 1309 524 heuseio
1339 481 1382 521 eu

222 585 298 642 ques
323 569 397 626 dixit
418 567 480 626 sint
504 583 577 624 vera
602 567 709 626 omnis
755 567 790 626 3.
817 568 851 626 5:
878 567 1016 638 loquere,
1046 562 1118 634 quid
1143 562 1224 621 velie.
1269 559 1324 633 lv,
1349 563 1384 634 3,

224 669 282 724 22:
313 663 488 740 1330,un
510 679 597 735 apes,
628 665 668 722 nil
697 663 848 734 intellego.
895 663 975 724 Eun.
1007 657 1031 726 Ι,
1056 663 1083 732 Ι,
1108 661 1165 720 2Ι;
1196 661 1307 718 sentiet
1329 661 1382 731 qus·

223 762 271 820 eir
292 764 373 822 stem.
411 758 453 835 Π,
478 767 507 828 3,
531 763 588 822 58:
613 761 718 820 Nostin
742 760 898 832 quaesit?
929 773 956 820 v.
981 761 1040 820 59:
1064 758 1123 818 seis
1143 758 1195 816 ubi
1216 757 1293 817 stet?
1325 753 1385 834 IV,

225 862 253 935 5,
281 862 331 921 12:
364 861 455 920 miror
484 860 536 918 ubi
578 856 720 923 (Donate
744 882 814 933 „=
834 855 866 918 in
891 872 954 934 qna
977 864 1069 932 perte
1099 853 1201 930 viee“)
1230 873 1284 932 ego
1312 855 1384 914 huie

224 957 438 1018 aeoeoorterim.
471 959 500 1027 6,
517 959 572 1018 2οε
596 965 695 1016 metuo
720 956 836 1028 quanm
858 964 890 1014 tu
912 973 957 1013 ore
973 971 1033 1014 esse
1048 954 1194 1015 nominem
1216 953 1383 1013 existumas·

224 1052 341 1118 Heaut.
364 1051 390 1128 Ι,
417 1058 443 1129 1,
467 1056 522 1114 20:
545 1058 690 1126 quantem
713 1054 878 1126 deceperis
900 1055 962 1126 rtet,
985 1054 1129 1127 paenitet.
1174 1049 1224 1127 ΙΙ,
1249 1056 1278 1126 3,
1306 1052 1382 1112 130;

226 1156 290 1227 Ego
312 1160 341 1212 te
365 1163 463 1210 eutem
488 1155 572 1222 novi,
601 1169 691 1227 quam
714 1169 774 1211 esse
795 1152 889 1210 solens
910 1153 1053 1224 inpotens.
1098 1147 1153 1222 lv,
1176 1153 1211 1226 3,
1236 1152 1291 1212 30:
1315 1149 1381 1207 vide

224 1251 296 1324 quid
312 1249 451 1323 postulet.
497 1246 532 1320 V,
558 1252 592 1324 2,
621 1251 675 1314 18:
697 1251 778 1308 disee
801 1251 933 1322 quiden
955 1252 1063 1311 vivere.
1089 1245 1127 1314 V,
1151 1251 1178 1319 2,
1203 1249 1257 1308 46:
1282 1248 1382 1304 Etiam

226 1350 358 1423 henseio,
382 1363 459 1406 anne
481 1364 602 1407 uxorem
627 1347 719 1406 ducet
740 1365 774 1406 sc
792 1349 866 1422 Syro
889 1350 930 1407 nil
953 1349 1077 1421 gratiae.
1108 1342 1280 1408 Sebeldns:
1304 1341 1385 1406 Sen-

226 1443 328 1514 tentia
350 1452 416 1516 est,
448 1445 534 1504 Haud
557 1448 619 1504 seio
643 1464 679 1504 en
703 1446 777 1519 Syro
800 1445 842 1503 nil
865 1448 989 1518 gratioe,
1010 1444 1032 1506 i.
1057 1463 1082 1506 e.
1112 1442 1207 1506 credo
1231 1440 1309 1521 Syro
1326 1439 1383 1503 sli-

226 1539 301 1620 quid
328 1540 396 1604 iore
426 1540 565 1620 gratiae,
598 1539 664 1604 sive
685 1541 827 1620 speravit
857 1541 1050 1605 reddendum
1083 1538 1284 1618 beneficium,
1315 1539 1384 1602 sive

224 1641 343 1714 prenae
364 1629 491 1700 norisius
514 1637 635 1700 veniam
651 1637 803 1717 intelligit
825 1638 885 1701 sibi
900 1639 1092 1718 deprecante
1109 1636 1289 1718 Clitiphone
1304 1633 1383 1701 den·

226 1737 318 1814 dam,
353 1734 400 1798 nti
427 1734 571 1799 evenisse
601 1734 705 1798 exitus
735 1732 861 1800 fabulae
889 1736 1012 1801 docet.“
1063 1733 1188 1800 Phorm.
1218 1735 1264 1811 ΙΙ,
1286 1742 1321 1804 4,
1345 1740 1383 1798 6:

226 1836 342 1896 Videtis
369 1851 426 1907 quo
454 1835 488 1892 iu
515 1834 578 1895 loco
605 1852 654 1896 res
684 1838 758 1896 haec
785 1837 848 1896 siet.
895 1834 933 1911 V,
959 1839 985 1910 1,
1009 1839 1064 1898 35:
1094 1837 1179 1896 Nune
1208 1836 1282 1910 quid
1308 1851 1384 1908 opus

226 1933 305 2006 facto
328 1934 377 2005 eit,
402 1933 476 1992 vide.
522 1935 552 2010 2,
576 1935 611 1994 9;
643 1935 773 1994 Henscio
796 1936 912 2006 hercle,
936 1943 969 1994 ut
991 1936 1121 2007 homost,
1145 1952 1185 1992 an
1207 1937 1298 1994 mutet
1319 1934 1382 1993 sni·

226 2049 313 2091 mum.
361 2032 389 2104 5,
418 2034 471 2092 12;
496 2033 586 2102 Vide,
616 2033 669 2104 que·
698 2033 874 2104 epredtetnr.
921 2030 996 2094 Hec.
1020 2029 1076 2110 lv,
1103 2036 1131 2106 1,
1155 2035 1208 2095 31:
1240 2031 1274 2091 ld
1305 2049 1382 2090 nune

226 2146 276 2189 res
299 2129 441 2189 indicium
463 2130 538 2189 hnec
561 2128 650 2200 iecit,
680 2147 738 2202 quo
753 2135 843 2203 pacto
872 2129 984 2192 iactum
1006 2131 1146 2192 uolueris.
1191 2146 1219 2193 v.
1245 2133 1296 2192 54:
1320 2131 1383 2188 Nee

227 2243 290 2299 oete
312 2227 363 2285 uia
386 2229 536 2287 sententie
559 2229 621 2288 eius
641 2230 864 2301 possitmnteri
888 2231 958 2288 scio.
989 2244 1031 2290 sc.
1056 2232 1085 2305 3,
1101 2245 1129 2288 v.
1157 2232 1186 2289 1:
1210 2229 1302 2304 Quem
1318 2243 1384 2286 cum

229 2327 305 2386 istoc
328 2339 489 2384 ser-monem
512 2327 668 2394 habueris,
696 2329 801 2401 procul
825 2329 894 2386 hinc
918 2333 1000 2386 stans
1024 2327 1144 2400 accepi,
1168 2343 1251 2386 uxor.
1297 2341 1325 2386 v.
1349 2325 1384 2384 8:

231 2424 307 2496 Quia
330 2424 366 2483 de
390 2442 481 2484 uxore
505 2425 637 2484 incertus
662 2443 725 2484 snm
749 2427 838 2484 etiem
861 2425 934 2497 quse
954 2425 1010 2484 mm
1033 2413 1179 2496 secturus.
1210 2419 1264 2492 lv,
1279 2426 1308 2488 4.
1326 2424 1383 2482 53:

227 2517 366 2594 Ignarum
394 2537 499 2580 censes
528 2528 645 2581 tuarum
668 2524 865 2582 lacrumarum
896 2541 962 2583 esse
985 2521 1052 2581 mo?
1096 2525 1157 2580 Aut
1185 2519 1259 2594 quen
1284 2520 1324 2580 sit
1345 2519 1385 2594 id,

230 2619 308 2693 quod
336 2618 500 2678 sollicitere
529 2619 565 2676 ed
594 2619 671 2678 hunc
702 2619 840 2681 modum?
885 2616 1017 2696 Adelph,
1046 2617 1071 2695 Ι,
1101 2623 1134 2695 2,
1163 2623 1197 2682 4:
1229 2617 1299 2692 qnid
1333 2620 1385 2677 ille

228 2712 360 2775 feeerit?
405 2730 448 2776 sc.
477 2717 512 2777 tu
539 2731 589 2776 me
616 2717 733 2795 roges?
764 2715 805 2795 ΙΙ,
835 2723 868 2795 3,
893 2722 929 2782 8:
954 2719 1030 2793 Quid
1059 2717 1125 2778 est?
1170 2713 1282 2780 OTES.
1305 2715 1386 2792 Quid

227 2813 289 2872 sii?
334 2808 393 2885 ΙΙΙ,
421 2814 507 2890 1‚l:
535 2813 696 2888 Qetdfiet
723 2816 831 2890 roges?
876 2819 910 2892 2,
934 2820 990 2879 45:
1018 2818 1083 2878 vide
1106 2834 1194 2889 quam
1216 2833 1279 2874 rem
1301 2831 1384 2888 apes.

228 2914 258 2986 4,
282 2912 337 2972 39:
361 2927 416 2969 nec
439 2911 512 2982 qued
532 2928 621 2985 apem
643 2930 738 2989 neque
762 2914 835 2986 quid
856 2915 924 2976 huic
947 2915 1138 2990 respondeam
1160 2915 1237 2976 Seio.
1276 2910 1332 2989 IV,
1356 2914 1386 2986 2,

230 3010 286 3071 3οι
312 3009 370 3069 nu
392 3010 474 3068 illum
497 3009 662 3086 inueniam,
695 3013 800 3086 cogito.
845 3030 875 3075 v.
899 3017 953 3076 31:
980 3015 1048 3074 Scio
1070 3014 1122 3072 uu
1143 3013 1191 3074 sit.
1236 3009 1388 3074 Nonnun-

229 3123 323 3185 quam
347 3104 379 3169 in
403 3123 467 3170 une
489 3107 709 3171 enunciationo
725 3107 917 3173 indicativus
940 3114 973 3173 et
990 3109 1212 3174 'coniunctivus
1228 3105 1389 3172 coniuncti

229 3208 313 3281 sunt,
336 3223 365 3267 v.
390 3203 409 3278 §
434 3211 452 3267 3
476 3207 554 3269 extr.
583 3204 688 3269 Pleut.
712 3206 825 3286 Amph.
844 3208 922 3286 prol.
946 3225 973 3272 v.
993 3213 1047 3271 lt:
1070 3211 1154 3268 Nune
1178 3210 1283 3284 quoius
1305 3209 1389 3268 iussn

227 3305 312 3362 uenio
342 3310 374 3362 et
401 3321 487 3378 quem
519 3305 641 3364 obrem
668 3308 810 3376 nemmem,
839 3308 953 3370 Dieem.
998 3305 1093 3373 Most.
1117 3304 1146 3382 I,
1171 3309 1207 3384 3,
1230 3309 1285 3370 42:
1311 3308 1388 3378 ride,

230 3417 285 3474 ego
318 3416 394 3474 quas
421 3401 478 3460 sim
505 3411 537 3462 et
564 3421 638 3478 quoe
669 3403 717 3475 fei
743 3388 822 3466 ente.
872 3403 926 3482 IV,
952 3408 981 3479 2,
1005 3408 1063 3470 53:
1094 3407 1162 3466 Scio
1190 3421 1251 3478 que
1273 3422 1319 3464 me
1344 3407 1389 3466 ire

230 3501 350 3570 oportet,
374 3507 483 3584 etque
504 3503 643 3569 venerim,
666 3503 735 3562 novi
757 3504 863 3564 locum,
894 3501 1021 3568 Terent.
1038 3502 1135 3566 Andr.
1153 3501 1207 3580 IV,
1226 3506 1252 3578 1,
1269 3504 1310 3564 25
1327 3518 1388 3579 sep:

231 3595 345 3667 nescis,
375 3599 492 3670 quentis
523 3599 551 3656 in
582 3602 667 3660 mults
695 3617 798 3660 oursel·
824 3602 928 3668 miser,
960 3604 1152 3678 Quantasque
1184 3602 1231 3660 hie
1254 3602 1389 3662 consiliis

229 3692 301 3750 mihi
325 3695 465 3763 conflavit
486 3697 711 3758 sollicitudines.

318 3791 366 3851 18.
416 3789 629 3858 Transeamus
661 3793 702 3857 ed
736 3794 974 3862 enunciationes
1006 3795 1182 3874 sumptives
1216 3795 1248 3858 in
1282 3813 1390 3875 sump-

231 3883 316 3949 tione
353 3883 417 3950 ficti
446 3886 488 3968 (v.
510 3892 529 3968 t
555 3889 603 3970 2),
643 3891 822 3973 pendentes
849 3893 920 3958 illes
954 3895 1143 3974 plerumque
1173 3913 1193 3958 e
1222 3893 1389 3973 particulis

229 3985 274 4052 si,
296 3985 374 4054 *cist
400 3988 450 4066 ui,
477 3991 578 4066 quasi,
602 3992 677 4068 eive,
708 4007 807 4070 quum
834 3991 940 4058 rarius
963 3996 1087 4056 tantum
1107 3997 1265 4070 nuquam,
1295 4011 1389 4068 quom,

231 4083 284 4142 ubi
298 4080 330 4145 in
347 4084 526 4163 sumptione
549 4094 718 4165 ponantur.
763 4088 928 4154 Permulta
950 4089 1096 4170 exempla
1111 4089 1303 4171 sumptionis
1325 4088 1390 4154 ficti

230 4177 292 4241 iem
344 4180 363 4256 t
405 4184 442 4246 13
482 4188 515 4244 et
555 4189 594 4248 14
635 4185 670 4248 in
715 4186 916 4254 coniunctivo
958 4187 1169 4253 conditionali-
1204 4195 1237 4252 et
1278 4194 1388 4269 poten·
