3036 4766
497 142 646 198 noennlnn
661 143 895 186 ennnlnnnnnnll.
1214 154 1277 218 337

124 331 193 404 qnid
225 332 341 390 videtur
369 333 520 394 demutare
547 339 633 406 mooe
660 340 693 394 nt
719 334 837 409 quidem
867 335 938 394 Dixi
967 352 1033 396 esse
1061 335 1143 396 vobis
1171 335 1294 414 dudum⁸

123 430 202 488 hune
225 429 379 488 moechum
402 432 543 504 militem,
573 429 614 492 ad
637 447 666 508 q.
690 428 711 494 l.
734 429 895 498 Lindem:
927 432 1107 500 „Domatore
1128 431 1280 496 intransi-

123 523 191 586 tiva
212 523 352 604 notione,
377 528 471 587 olium
493 545 562 597 esse,
585 529 681 588 olium
704 530 779 602 fieri.
816 527 1019 610 Quapropter
1033 528 1180 608 sequitur
1202 547 1277 608 par-

124 619 223 684 ticula
247 627 342 698 otone,
365 633 447 702 qnae
470 623 569 688 verba
592 623 807 688 similitudinis
837 630 871 689 et
891 623 1160 690 dissimilitudinis
1184 624 1278 690 comi-

123 717 243 782 tatur.“

211 833 250 877 m.
296 813 358 878 Sed
381 815 476 881 etiam
500 818 665 896 vocabulo,
690 819 774 899 quod
797 817 1036 882 similitudinem
1063 818 1115 886 vel
1143 819 1280 883 dissimi-
1381 881 1385 886 .

124 909 293 976 litudiuem
316 912 483 995 significet,
507 916 622 980 omisso
645 923 732 992 oque
754 915 984 997 comparationi
1005 915 1139 981 inservit
1161 916 1222 995 ita,
1245 921 1282 980 ut

125 1027 232 1084 cepae,
256 1015 406 1086 tantopere
428 1010 480 1075 vel
502 1011 586 1078 aliud
612 1011 706 1078 huius
724 1014 858 1094 generis
880 1013 1014 1078 verbum
1036 1012 1280 1093 intelligendum

125 1104 177 1168 sit.
209 1105 247 1170 ld
269 1106 361 1171 iacile
385 1126 403 1172 e
426 1113 576 1174 contextu
591 1111 762 1175 verborum
778 1110 950 1192 colligitur.
973 1108 1134 1189 (Handius
1149 1129 1179 1191 p.
1192 1112 1279 1186 472).

124 1202 231 1268 Plaut.
257 1203 328 1270 One.
351 1203 406 1285 IV,
429 1211 464 1286 4,
489 1211 539 1272 21.
566 1207 681 1272 Bacch.
704 1207 768 1288 III,
793 1211 826 1288 6,
851 1213 904 1273 20:
940 1211 1024 1270 Sicut
1045 1214 1093 1269 est
1122 1210 1171 1269 hio
1194 1228 1281 1286 quem

125 1320 193 1364 esse
225 1305 350 1364 amioum
378 1312 548 1366 natussum
579 1311 667 1380 otone
701 1310 783 1384 ipsus
818 1325 881 1369 sum
911 1309 992 1367 mihi.
1039 1303 1091 1369 Sic
1121 1305 1218 1369 etiam
1248 1305 1281 1368 in

122 1395 262 1462 formula
286 1418 321 1462 oo
343 1403 395 1483 si..
416 1400 517 1464 *Ennii
540 1406 639 1466 satur.
662 1401 701 1467 fr.
725 1403 783 1468 inc.
806 1403 880 1468 libri
902 1407 935 1468 2:
959 1405 1059 1464 Meum
1082 1421 1140 1464 uon
1163 1410 1218 1478 est,
1245 1421 1282 1464 oe

124 1498 152 1556 si
174 1515 220 1557 me
244 1500 326 1560 cauis
347 1500 547 1561 momorderit.
667 1517 669 1520 ·

212 1612 242 1657 n.
286 1595 535 1674 anteponitur
562 1597 657 1660 etiam
686 1601 760 1677 post
782 1597 1011 1662 adiectivorum
1038 1595 1281 1678 comparativus

125 1709 153 1753 u.
179 1709 204 1754 c.
233 1689 323 1770 xlv,
354 1694 373 1769 ξ
396 1697 424 1756 9.
454 1691 559 1757 Plaut.
582 1691 680 1758 Mare.
705 1694 742 1773 V,
774 1699 809 1772 2,
840 1699 898 1758 56:
926 1697 1051 1756 ememor
1079 1697 1153 1756 mihi
1182 1698 1282 1757 nullus

124 1792 199 1851 vivit
232 1795 319 1862 alque
350 1793 376 1851 is
410 1799 466 1852 est.
511 1790 639 1856 Terent.
670 1791 768 1855 Andr.
792 1789 848 1870 IV,
879 1795 912 1870 2,
946 1796 997 1854 15:
1032 1793 1098 1853 Non
1131 1795 1283 1868 Apollinis

125 1888 222 1960 mepte
250 1905 353 1946 oerum
383 1892 470 1962 oque
499 1890 556 1950 hoc
591 1898 805 1967 responsnmst.
858 1887 1076 1956 antecedente
1112 1888 1283 1970 negatione

125 1983 274 2062 sequitur
308 1989 394 2059 atque
426 1991 468 2048 at.
519 1983 621 2050 Plaut.
655 1985 724 2050 Cas.
752 1986 799 2066 V,
825 1991 858 2065 l,
889 1993 996 2066 leq:
1035 1988 1098 2047 Nee
1130 1986 1283 2048 fallaciam

126 2084 301 2144 astutiorem
334 2087 412 2144 nllus
442 2083 514 2145 iecit
541 2087 633 2144 Poeta
663 2089 751 2157 atque
784 2089 820 2145 at
847 2087 922 2146 haee
948 2093 1000 2160 est
1035 2084 1119 2146 iabre
1155 2084 1237 2146 iacta
1266 2103 1284 2144 a

127 2182 223 2242 uobis.
832 2179 834 2184 ’

213 2294 241 2340 o.
287 2275 554 2356 Transgredimur
581 2294 665 2341 nunc
691 2275 733 2339 ad
760 2293 853 2340 usum
885 2276 1064 2356 particulae
1091 2275 1124 2340 iu
1155 2276 1283 2342 coniun-

128 2371 243 2454 gendis
266 2373 442 2437 sententiis.
486 2373 595 2453 Atque
617 2371 687 2452 ille,
718 2389 811 2452 quem
834 2373 867 2437 in
890 2372 1074 2437 notionibus
1098 2372 1284 2452 copulandis

128 2486 231 2549 usque
255 2469 360 2533 adhuc
394 2468 697 2550 demonstravimus,
725 2487 826 2536 nexus
855 2469 1059 2550 aequalitatis
1086 2468 1170 2534 idem
1199 2469 1285 2544 inter

127 2567 209 2632 dues
233 2567 409 2631 sententias
443 2565 547 2630 locum
577 2566 692 2647 habet,
715 2567 769 2631 ubi
791 2572 849 2631 aut
871 2565 980 2646 altari,
1012 2583 1094 2645 quae
1128 2567 1286 2646 sequitur,

131 2662 301 2743 aequalem
323 2663 385 2727 vim
409 2669 441 2728 et
464 2665 652 2746 dignitatem
674 2664 861 2742 tribuimus,
886 2668 943 2729 aut
964 2663 1066 2741 altera
1088 2682 1161 2727 cum
1181 2663 1286 2728 altera

128 2760 228 2842 priori
252 2777 384 2826 caussae
406 2761 529 2826 ratione
552 2762 604 2826 vel
627 2763 780 2842 temporis
804 2762 1015 2828 continuitate
1040 2761 1091 2826 vel
1112 2779 1282 2841 argumen-

128 2857 262 2923 tationis
292 2859 542 2938 consequntioue
574 2858 730 2924 cohaeret.
763 2858 921 2935 (Heudius
948 2876 979 2938 p.
1002 2861 1089 2934 475).
1134 2858 1223 2924 Haec
1246 2858 1287 2922 ad

130 2956 402 3036 comparationem
435 2961 599 3025 externam
638 2956 740 3036 magis
779 2960 935 3034 spectant.
991 2953 1065 3017 Alia
1100 2953 1285 3020 interiorem

128 3071 246 3117 nexium
274 3053 504 3117 sententiarum
540 3052 757 3132 comprobant.
807 3053 992 3131 Usurpatur
1027 3051 1111 3114 enim
1137 3058 1225 3126 etque
1255 3053 1288 3114 in

128 3151 308 3216 adiiciendo
332 3168 379 3228 eo,
403 3149 552 3230 quodid,
576 3149 615 3214 de
639 3166 701 3229 quo
724 3154 820 3214 antea
842 3167 948 3213 sermo
972 3151 1058 3226 erat,
1082 3147 1150 3211 sive
1174 3167 1212 3212 er
1235 3141 1288 3212 ra·

129 3248 219 3312 tione
242 3264 374 3312 caussae
400 3247 466 3310 sive
490 3247 644 3328 temporis
667 3246 888 3325 consequitur,
912 3245 1047 3326 ideoque
1069 3244 1102 3308 iu
1124 3244 1164 3308 iis
1184 3245 1288 3310 locum

130 3344 237 3424 habet,
261 3362 343 3424 quae
365 3344 560 3408 necessitate
582 3341 719 3423 quadam
743 3342 963 3408 continuitatis
986 3341 1039 3406 vel
1062 3343 1288 3421 consequutio-

129 3443 274 3507 nisarte
297 3441 476 3506 cohaerent.
519 3440 677 3506 Nimirum
704 3459 804 3506 nexus
831 3439 886 3504 ille
914 3439 1078 3520 proximus
1108 3457 1146 3502 eo
1169 3437 1289 3519 signifi-

131 3545 240 3616 catur,
268 3538 354 3619 quod
381 3538 485 3604 altera
507 3557 560 3604 res
583 3557 654 3604 eum
677 3537 781 3602 altera
808 3553 912 3617 aequa
941 3535 1065 3600 ratione
1088 3535 1290 3616 componitur

130 3655 192 3705 nec
216 3636 403 3717 simpliciter
425 3636 619 3715 adiungitur,
643 3635 701 3700 sed
716 3633 757 3698 ad
772 3633 908 3698 niteram
924 3632 1010 3696 illam
1026 3631 1166 3696 refertur
1180 3634 1288 3714 aequi-

130 3734 308 3815 paratione.
361 3732 413 3798 Ita
439 3732 646 3814 intelligimus
684 3748 816 3795 caussae
846 3747 976 3808 nexum,
1012 3729 1069 3793 ubi
1098 3746 1137 3792 ex
1166 3729 1290 3794 duabus

131 3832 230 3896 rebus
261 3831 394 3911 agendis
421 3830 524 3894 altera
554 3829 687 3894 alteram
715 3845 822 3892 secum
859 3826 946 3890 ducit
980 3829 1039 3889 aut
1072 3826 1101 3890 ei
1135 3826 1290 3919 originem

131 3927 286 4008 praebet:
311 3927 396 4006 quod
419 3925 572 4007 explicari
593 3931 701 4006 potest
723 3942 782 4005 per
804 3929 833 3984 et
844 3926 897 3986 ito.
921 3923 1036 3994 (Hand.
1052 3939 1082 4002 p.
1099 3921 1186 4016 4783)
1211 3923 1290 3986 Cato

132 4026 167 4089 in
190 4041 237 4089 or.
260 4043 321 4108 pro
344 4024 444 4093 Rhod.
467 4042 518 4104 ap.
542 4022 626 4086 Iord.
649 4041 679 4103 p.
703 4027 762 4100 24,
789 4025 840 4084 12:
875 4027 964 4096 oque
991 4039 1045 4083 nos
1078 4023 1186 4082 omnia·
1201 4022 1291 4095 plura
1410 4053 1413 4058 ·

133 4126 246 4186 habere
270 4127 413 4198 volumus,
438 4131 468 4184 et
490 4123 521 4183 id
544 4123 629 4182 nobis
651 4125 771 4196 impune
794 4124 849 4180 est.
895 4116 999 4182 Plaut.
1022 4115 1137 4181 Bacch.
1160 4105 1188 4178 n.
1214 4120 1292 4182 756:

186 4223 275 4270 nonne,
294 4223 405 4273 systus,
433 4221 461 4260 n.
1042 4221 1083 4280 22
