3036 4766
240 165 307 228 334
528 156 591 197 ΟΔΡ.
606 156 652 196 XV.
679 153 828 194 DOCTRIM
842 153 1093 194 nuuucluuiobult

243 345 428 412 notionibus
451 345 608 410 similibus
631 349 665 409 et
687 343 832 424 cognatis
854 343 922 411 sire
945 361 1005 409 sua
1027 347 1143 408 natura
1158 338 1418 407 cohaerentibus

240 461 357 510 sensus
379 442 556 524 particulae
578 449 666 518 uiqacc
687 441 778 506 reddi
800 445 907 523 potest
929 441 1050 507 verbis:
1073 448 1171 503 ut-
1193 443 1253 510 ito,
1273 443 1415 514 itemque.

242 540 348 621 Saepe
378 541 459 607 haec
486 541 583 607 dictio
609 536 847 619 amplificationi
874 539 968 605 unius
998 539 1134 604 nominis
1165 539 1310 604 inservit.
1349 536 1416 612 (Sic

245 639 392 704 Handius
421 657 451 719 p.
474 639 576 715 toul..
609 637 688 704 Cato
712 637 745 701 in
768 655 813 702 or.
841 655 900 719 pro
924 636 1158 703 Rhodiensibus
1181 637 1286 718 origg.
1309 635 1369 700 lib.
1384 633 1416 698 V

244 736 385 802 inclusa:
410 741 478 800 Scio
495 743 592 802 solere
609 741 761 814 plerisque
776 739 944 800 homiuibus
960 739 1051 801 rebus
1073 735 1212 800 secundia
1236 741 1326 810 aare
1341 752 1414 810 pro-

244 839 314 898 lixis
336 842 425 910 utque
439 840 593 914 prosperis
610 839 738 898 animum
755 839 904 898 excellere
920 840 1010 910 uiqrae
1024 837 1196 911 superbiam
1218 840 1308 909 atque
1329 833 1413 894 fero·

247 937 324 995 eiam
347 953 509 1011 augescere
526 940 615 1009 alque
630 951 778 996 creseere.
794 951 823 997 v.
839 931 982 997 Bolhuis.
1006 951 1036 1014 p.
1060 937 1110 996 85.
1134 933 1255 1014 Meyer.
1279 949 1310 1013 p.
1339 935 1411 994 105.

244 1029 350 1096 Plaut.
371 1031 436 1096 Mil.
453 1031 510 1111 ΙΙΙ,
527 1037 555 1110 3,
575 1038 628 1096 14;
644 1035 721 1094 male
737 1041 827 1109 atque
843 1035 1003 1094 malitiosa.
1034 1029 1131 1096 Mero.
1148 1029 1228 1111 prol.
1245 1047 1275 1093 v.
1291 1032 1335 1093 40
1349 1027 1412 1108 sq.)

246 1133 397 1207 Principio
428 1143 460 1192 ut
489 1139 573 1192 aetas
604 1149 641 1192 ax
664 1131 788 1208 ephebis
815 1132 889 1192 exiit
909 1131 1009 1203 Arqac
1032 1134 1147 1192 animus
1170 1130 1268 1191 studio
1293 1139 1410 1190 amotus

244 1231 387 1305 puerilist
409 1248 502 1290 meus.
533 1225 649 1292 Caecil.
666 1227 746 1294 Stat.
763 1224 944 1307 Synephebi
966 1227 1003 1290 i'r.
1023 1233 1055 1292 3:
1078 1231 1208 1289 omnium
1231 1229 1411 1288 adulescen-

247 1329 321 1387 tium
351 1329 454 1390 Clamo
480 1331 601 1403 postulo
623 1330 748 1389 obsecro
779 1342 832 1387 oro
854 1330 941 1401 ploro
964 1332 1052 1400 arque
1073 1329 1190 1402 inploro
1212 1326 1316 1386 fidem!
1353 1323 1412 1387 Te·

247 1429 329 1488 rent.
353 1423 452 1488 Andr.
475 1423 507 1501 I,
533 1430 560 1499 1,
583 1427 624 1486 47
636 1446 642 1484 :
672 1428 762 1486 vitam
787 1441 947 1498 porceto
972 1425 1088 1486 water
1109 1427 1235 1502 Agebat.
1281 1421 1364 1486 Eun.
1387 1420 1411 1502 I,

247 1526 278 1601 2,
295 1527 350 1588 67:
374 1531 407 1585 ut
422 1527 484 1586 suis
499 1524 668 1584 Restituam
682 1541 718 1585 oc
732 1522 863 1584 reddum.
881 1538 909 1584 v.
927 1527 982 1586 95:
1005 1525 1127 1605 Utinam
1142 1525 1220 1584 istuc
1237 1524 1363 1584 verbum
1377 1538 1411 1581 er

245 1622 498 1683 comparuere
521 1624 646 1682 diceros.
677 1619 737 1683 Ad.
755 1618 812 1698 ΙΙΙ,
840 1624 867 1696 l,
893 1623 948 1682 10:
972 1622 1167 1694 taliamento
1189 1625 1279 1694 alque
1302 1621 1411 1682 auimo.

335 1717 366 1782 b.
412 1717 519 1794 Quare
552 1716 671 1783 indicat
701 1722 790 1792 arque
819 1717 964 1782 alteram⁴
982 1735 1051 1780 rem
1079 1716 1173 1782 simul
1206 1734 1280 1782 eum
1310 1714 1412 1781 altera

251 1815 389 1895 positam
423 1833 495 1880 esse
529 1814 580 1879 vel
613 1816 778 1880 exsistere.
831 1814 935 1878 Plaut.
969 1815 1041 1879 Aul.
1076 1815 1123 1893 ΙΙ,
1147 1819 1183 1895 3,
1218 1820 1251 1880 3:
1290 1819 1412 1877 vascula

248 1917 331 1976 intus
359 1931 433 1990 pure
462 1931 594 1988 propera
623 1919 709 1988 aiqqe
729 1916 807 1984 elue,
838 1913 880 1978 ad
911 1931 941 1992 q.
971 1913 990 1978 l.
1020 1912 1171 1979 casaub:
1199 1939 1242 1966 =
1272 1929 1411 1992 propere

250 2010 393 2075 eluere.“

338 2126 364 2174 c.
410 2108 502 2185 Quod
524 2108 571 2174 ita
592 2110 624 2174 iu
647 2111 791 2190 cognatis
814 2110 998 2176 notionibus
1019 2115 1172 2190 apparet,
1202 2108 1237 2174 id
1259 2108 1409 2174 etiamin

254 2206 527 2288 qualibuscunque
550 2208 588 2272 iis
611 2209 716 2274 locum
738 2207 851 2288 hahet,
880 2225 963 2288 quac
994 2206 1170 2288 composita
1199 2205 1409 2287 aequiparan-

252 2310 308 2370 tur
334 2309 435 2384 atque
460 2305 520 2371 hoc
549 2307 661 2372 artiori
696 2323 781 2371 nexu
816 2306 1139 2388 comprehenduntur.
1191 2303 1262 2381 Quo
1293 2300 1345 2384 lit,
1377 2308 1410 2368 ut

249 2409 342 2478 atque
368 2402 452 2468 idem
484 2404 527 2468 Sit
561 2405 646 2484 (lnod
680 2412 709 2468 et
730 2437 774 2450 --
795 2411 835 2476 ct,
869 2405 921 2469 vel
949 2412 985 2468 ut
1004 2401 1049 2450 ‘-
1068 2407 1126 2472 tra,
1159 2402 1212 2468 rel
1246 2420 1345 2477 aeque,
1369 2419 1409 2463 uc.
1491 2413 1492 2466 l

253 2501 418 2582 (Hassdius‘
436 2521 466 2583 l>-
487 2500 574 2582 461).
609 2503 704 2568 Ennii
719 2501 835 2568 Medea
856 2503 930 2567 exul
952 2501 991 2568 ir.
1008 2507 1037 2582 3,
1060 2519 1089 2566 v.
1114 2505 1193 2565 292:
1216 2501 1309 2562 Ocelo
1326 2509 1410 2576 atquc
1491 2509 1492 2544 l

251 2611 365 2663 terrae.
416 2599 618 2664 Euhemerus
656 2599 694 2664 fr.
726 2607 760 2680 3,
792 2607 846 2665 14:
886 2605 1026 2678 Iuppiter
1058 2608 1147 2677 atque
1177 2601 1259 2660 Iuno.
1289 2596 1411 2662 *Plano

255 2697 369 2778 Amph.
391 2697 438 2774 11,
462 2701 497 2767 2,
521 2703 576 2762 30:
610 2717 649 2760 au
676 2702 728 2761 llle
756 2718 802 2764 ma
833 2707 962 2776 temptat
990 2699 1090 2762 scians
1112 2699 1212 2771 Atque
1242 2698 1274 2758 id
1298 2715 1331 2758 se
1355 2699 1412 2759 volt

257 2800 391 2872 experiri
414 2801 488 2868 cett.
512 2794 628 2860 Bacch.
651 2813 680 2860 u.
705 2799 782 2861 632:
806 2800 884 2860 Eum
906 2815 961 2874 ego
984 2798 1168 2880 maledictis
1191 2797 1286 2856 malis
1302 2794 1411 2856 foribus

251 2899 343 2976 alque
365 2897 421 2957 hac
445 2893 595 2972 [muliere]
619 2897 750 2971 Reppuli
771 2898 922 2972 reieuique
947 2897 1103 2956 homiuem.
1148 2893 1276 2956 Terent
1300 2889 1413 2955 Heaut.

257 2990 300 3062 ll,
324 2995 353 3072 2,
380 2993 453 3058 103:
479 2994 566 3054 hodie
591 3012 658 3056 aero
682 3011 718 3056 aa
740 2996 919 3070 nequiquam
942 2996 1032 3056 voles.
1063 2989 1140 3056 Hec.
1163 2990 1203 3070 V,
1218 2995 1250 3069 4,
1265 2994 1303 3054 4:
1327 2985 1412 3050 timeo

259 3109 296 3152 ne
320 3093 401 3154 aliud
425 3093 544 3153 credam
569 3097 656 3165 alque
678 3093 760 3152 aliud
782 3093 910 3152 nunties.
1038 3131 1040 3136 ·

344 3189 373 3252 d.
418 3186 544 3256 Nomen
570 3187 742 3268 posteriori
770 3186 839 3253 loco
867 3185 1012 3267 positum
1041 3190 1075 3250 et
1104 3203 1163 3266 per
1193 3190 1280 3258 atquc
1302 3199 1413 3260 nexum
1491 3189 1492 3260 l

259 3284 441 3350 universam
472 3285 611 3366 aliquam
640 3303 711 3349 rem
738 3282 912 3366 significat,
943 3283 985 3348 ad
1011 3300 1109 3363 quam
1130 3281 1177 3362 id,
1209 3279 1296 3360 quod
1325 3285 1414 3344 antea
1491 3291 1492 3334 ἐ

256 3383 380 3446 dictum
401 3392 459 3462 est,
483 3389 647 3463 tamquam
661 3401 736 3464 pars
752 3383 876 3448 attinet.
901 3381 1015 3455 (Hand.
1033 3399 1064 3461 p.
1079 3383 1165 3452 464).
1195 3377 1300 3445 Plaut·
1326 3376 1412 3458 Capi.

260 3478 309 3559 ΙΙ,
333 3484 370 3560 2,
397 3485 474 3544 105:
499 3483 610 3544 Solvite
634 3486 724 3544 istum
746 3501 824 3544 nune
848 3491 922 3562 iam,
946 3481 1047 3555 Atque
1069 3486 1236 3554 utrumque.

348 3596 375 3643 e.
419 3580 519 3654 Atque
541 3596 640 3658 quum
662 3579 744 3644 duas
764 3597 818 3643 res
840 3595 942 3659 aequa
971 3576 1095 3642 ratione
1118 3578 1288 3656 componat
1310 3580 1344 3638 et
1365 3589 1414 3636 no·
1491 3571 1492 3650 ξ

261 3675 384 3740 tionum
414 3678 530 3744 seriem
558 3677 722 3742 continuet
749 3677 885 3758 ideoque
911 3676 945 3740 in
973 3675 1013 3739 iis
1043 3679 1195 3755 ponatur,
1225 3672 1343 3752 quibus
1371 3685 1412 3746 ea,

262 3791 345 3854 quae
375 3786 470 3838 antea
499 3775 586 3840 dicta
615 3787 722 3856 erant,
747 3774 929 3840 distinctius
957 3769 1184 3838 confirmantur
1213 3775 1272 3834 aut
1300 3763 1413 3847 aliquid

262 3872 391 3936 maioris
414 3872 566 3936 momenti
588 3873 727 3952 additur,
751 3871 853 3937 critici
875 3871 1055 3936 docuerunt
1078 3867 1243 3945 arcadici
1257 3883 1318 3946 pro
1334 3872 1412 3940 arque

260 3971 335 4030 adeo
366 3975 399 4034 et
420 3972 520 4033 immo.
552 3969 669 4046 (Hand.
691 3988 721 4049 p.
745 3969 832 4048 466).
871 3968 997 4032 Terent.
1021 3967 1103 4046 Eun.
1126 3966 1191 4042 III,
1216 3969 1252 4044 5,
1275 3968 1335 4027 43:
1364 3977 1411 4037 ego

264 4071 339 4130 illud
362 4087 432 4131 vero
456 4071 528 4128 item
550 4068 610 4128 feci
631 4085 667 4130 ac
688 4070 803 4129 lubeus.
847 4067 963 4132 Heaut.
987 4065 1042 4145 IV,
1066 4072 1096 4143 5,
1121 4069 1175 4128 lo:
1207 4065 1329 4124 Faciam
1349 4057 1412 4122 boni

262 4169 322 4228 tibi
344 4167 455 4244 aliquid
484 4183 540 4243 pro
562 4167 622 4228 ista
643 4185 696 4242 rc,
718 4183 754 4228 ao
775 4169 899 4250 lubens..
