3090 4768
508 162 547 202 DE
563 159 714 202 desummo
730 159 767 198 ET
781 161 959 202 quonamve
1273 168 1314 228 45

160 341 349 414 ficationum
366 358 452 415 esset
467 351 580 431 prima,
595 369 634 418 ex
650 367 712 430 qua
727 356 876 430 tanquam
893 367 930 414 ex
946 349 1032 414 lonte
1049 348 1193 428 reliquae
1210 353 1317 412 essent

164 443 383 527 deducendae,
407 449 544 528 denique
567 449 607 516 ab
630 449 678 526 iis,
710 448 762 528 qui
784 449 824 514 ab
846 467 884 512 eo
907 447 1096 530 gerundium
1118 462 1221 525 neque
1245 463 1318 511 cou-

161 545 215 606 tra
244 561 283 606 ex
311 543 372 610 hoc
401 545 480 611 illud
509 547 708 622 derivarunt,
739 546 792 625 qui
819 544 939 611 factum
963 548 1049 611 essct
1071 549 1112 608 ut
1130 561 1169 607 ex
1191 542 1319 624 passiva

160 635 267 704 forma
295 643 400 707 activa
427 643 505 710 oriri
528 643 578 709 vel
602 644 816 710 accusativum
843 643 1027 707 adiunctam
1053 641 1172 707 habere
1197 646 1318 720 posset.

162 735 306 804 Tandem
330 741 548 808 recentissimo
571 747 715 824 tempore
737 741 843 806 extitit
864 739 1153 818 Weissenbornius
1176 739 1231 817 qui
1253 757 1319 802 om·

160 834 257 899 nibus
280 855 299 900 a
322 840 539 918 grammaticis
566 841 605 904 de
628 839 687 905 hac
709 858 744 904 re
766 839 798 904 in
821 837 959 902 medium
987 836 1121 918 prolatis
1152 835 1319 902 sententiis

161 939 313 999 accurate
334 938 502 1004 recensitis
527 945 560 1003 et
579 937 741 1004 subtiliter
762 936 922 1017 inquisitis
944 939 1040 1016 atque
1064 934 1244 1000 diiudicatis
1265 933 1320 997 ad-

162 1028 252 1096 iutus
287 1033 469 1115 linguarum
502 1036 740 1117 enumeratione
775 1053 813 1098 ex
843 1035 913 1114 ipsa
946 1033 1067 1114 origine
1098 1032 1259 1112 participii
1288 1032 1321 1095 in

166 1131 245 1192 adres
272 1135 419 1198 exeuntis
442 1134 635 1216 investigata
658 1152 768 1198 omues
797 1132 855 1196 has
883 1131 1085 1211 quaestiones
1109 1127 1254 1196 difficiles
1277 1129 1323 1194 ita

164 1227 272 1306 solvit,
297 1235 333 1293 ut
354 1229 446 1296 facile
469 1231 501 1295 in
523 1249 560 1296 eo
583 1232 785 1312 acquiescere
808 1230 973 1310 possimus.
1007 1227 1122 1307 Itaque
1138 1235 1320 1308 antequam

165 1325 223 1404 qui
246 1327 289 1389 sit
310 1329 488 1408 priscorum
512 1331 703 1410 scriptorum
731 1328 892 1408 usquead
915 1326 1098 1392 Terentium
1122 1323 1235 1389 harum
1257 1323 1322 1389 ior-

169 1440 296 1488 marum
322 1444 408 1517 usus,
439 1427 599 1505 edoceam,
627 1427 841 1492 necessarium
863 1425 999 1503 videtur,
1027 1439 1181 1487 summam
1204 1422 1324 1502 disqui-

165 1519 293 1586 sitionis
316 1523 649 1603 Weissenbornianae,
681 1542 776 1604 quam
809 1522 1009 1603 paucissimis
1038 1521 1070 1585 id
1099 1517 1169 1585 fieri
1189 1520 1321 1600 poterit,

167 1635 338 1700 exponere,
362 1638 424 1700 quo
448 1623 561 1688 deinde
584 1630 734 1703 tauquam
758 1621 963 1686 laudamento
985 1619 1046 1684 nisi
1067 1618 1191 1698 singula
1207 1635 1325 1699 genera

165 1713 264 1780 huius
286 1736 362 1782 usus
384 1719 509 1801 planius
532 1721 688 1801 dispicere
709 1723 807 1799 atque
830 1717 1009 1798 intelligere
1030 1716 1211 1798 possimus
1231 1717 1324 1782 Deri-

165 1818 224 1876 vat
246 1814 344 1894 igitur
366 1817 644 1884 Weissenbornius
669 1832 711 1900 (p.
738 1819 809 1893 105)
838 1820 1013 1898 praeeunte
1035 1813 1142 1879 Pottio
1170 1809 1321 1896 (litomul.

169 1905 383 1997 {istiburgcn
406 1915 449 1988 ll,
472 1935 502 1996 p.
525 1918 601 1993 239)
631 1916 821 1998 gerundium
849 1933 888 1978 ax
914 1914 1012 1979 verbo
1033 1917 1107 1976 dure
1128 1931 1186 1993 pro
1210 1910 1324 1976 suffixo

167 2006 242 2073 aliis
265 2012 372 2078 verbis
394 2013 512 2094 addito,
534 2033 637 2096 neque
661 2021 767 2080 tamen
791 2031 830 2078 ea
851 2012 896 2091 vi,
926 2029 989 2091 qua
1010 2029 1126 2092 graeco
1149 2007 1253 2072 δούναι
1275 2027 1325 2074 re-

170 2107 317 2187 spondet,
337 2110 397 2174 sad
417 2129 480 2191 qua
500 2112 586 2176 idem
611 2115 660 2176 est
682 2118 779 2191 atque
800 2117 913 2175 osiam
949 2111 1019 2176 Hae
1037 2109 1127 2175 euim
1149 2126 1254 2189 voces,
1276 2109 1325 2180 in·

169 2203 256 2284 quit,
287 2213 321 2269 ct
348 2208 470 2290 origine
496 2215 529 2276 et
556 2207 786 2290 significatione
815 2209 960 2274 diversae
989 2208 1020 2272 in
1044 2207 1141 2271 latino
1163 2224 1324 2286 sermone,

170 2302 290 2382 quippe
319 2307 377 2384 qui
401 2307 628 2388 aspirationem
654 2307 687 2371 in
715 2306 962 2372 consonantibus
987 2305 1090 2368 literis
1119 2303 1261 2384 fugerat,
1291 2303 1325 2368 in

170 2417 266 2464 uuam
289 2400 424 2468 formam
447 2405 644 2470 coaluerunt.
667 2406 757 2470 Duas
779 2408 886 2469 autem
905 2422 974 2468 asse
988 2403 1114 2468 radices
1130 2407 1163 2466 et
1179 2402 1322 2480 reliquae

173 2497 320 2564 eiusdem
352 2502 459 2582 stirpis
485 2504 613 2584 linguae
637 2507 810 2580 testantur,
838 2509 871 2568 et
893 2503 924 2566 in
946 2501 1045 2565 latina
1067 2519 1104 2564 ex
1126 2499 1214 2563 vario
1237 2500 1324 2564 vocis

173 2598 324 2678 usq-qui
346 2600 397 2666 vix
420 2600 460 2664 ad
484 2619 579 2666 unum
603 2605 700 2681 caput
721 2605 829 2681 potest
851 2600 1008 2675 revocari,
1033 2617 1070 2663 ex
1093 2598 1217 2676 duabus
1240 2597 1326 2661 radi-

171 2694 262 2758 cibus
288 2695 381 2762 iacile
411 2698 581 2777 explicari,
608 2699 806 2779 intelligitur.
852 2698 1043 2779 Saepissime
1071 2697 1151 2760 enim
1181 2698 1252 2757 dore
1280 2697 1327 2762 ita

172 2792 300 2873 dicitur,
333 2803 367 2858 ut
386 2795 524 2858 maxime
546 2798 739 2878 respondeat
762 2793 916 2860 vocabulo
940 2795 1122 2876 germanico
1154 2792 1248 2872 tbuo,
1275 2812 1327 2859 co-

171 2895 271 2969 gnato
294 2911 428 2971 graecae
451 2893 522 2958 voci
543 2901 652 2958 θεῖναι.
676 2895 719 2959 Et
742 2894 801 2958 hac
822 2893 949 2973 quidem
974 2891 1004 2955 vi
1026 2891 1220 2971 praeditum,
1244 2909 1327 2971 quae
1397 2974 1398 2980 ἵ

172 2987 252 3051 satis
271 2987 336 3052 late
365 2997 455 3070 patet
478 3000 510 3057 et
532 2992 624 3058 facile
646 2993 686 3058 ad
711 2993 814 3072 ipsam
842 2993 997 3056 ardonem
1023 2990 1247 3070 designandam
1271 3006 1327 3071 po-

172 3089 242 3150 test
263 3086 416 3167 adhiberi,
436 3090 468 3152 in
490 3091 599 3154 multis
622 3090 790 3155 verborum
813 3088 923 3153 formis
940 3085 1127 3167 effingendis
1143 3098 1326 3166 usurpatur.

174 3182 220 3246 Et
242 3183 275 3246 in
297 3184 394 3249 latino
418 3187 544 3267 quidem
568 3205 712 3252 sermone
734 3186 853 3267 duplici
875 3185 967 3250 modo
990 3186 1023 3248 in
1045 3184 1128 3249 hunc
1144 3203 1237 3249 usum
1253 3201 1327 3248 con·

172 3281 323 3345 vertitur.
368 3285 435 3349 Aut
456 3284 538 3350 enim
561 3286 703 3365 proxime
725 3303 827 3364 neque
850 3285 912 3348 alio
935 3282 999 3347 ullo
1023 3281 1180 3348 elemento
1202 3281 1327 3346 adiecto

172 3378 217 3441 ad
243 3379 346 3458 ipsam
373 3383 513 3448 radicem
536 3382 721 3464 apponitur,
750 3380 841 3447 velut
860 3379 1005 3446 suffixum
1027 3383 1084 3444 das
1106 3398 1178 3445 eum
1200 3379 1328 3459 indicat,

173 3477 231 3555 qui
253 3477 285 3540 id
308 3478 376 3558 agit
398 3480 483 3558 quod
505 3482 537 3544 in
560 3481 658 3544 verbo
681 3479 811 3544 radicali
834 3480 930 3557 inest,
960 3482 1030 3558 aut,
1053 3478 1242 3559 interposito
1266 3476 1329 3542 ele·

173 3581 284 3639 mento
306 3596 337 3654 u,
361 3577 445 3656 quod
467 3577 508 3641 ad
529 3578 672 3642 vocalem
694 3579 781 3644 vocis
802 3578 970 3659 primariae
994 3596 1028 3641 se
1050 3576 1256 3656 adiungebat,
1278 3573 1330 3639 vel

174 3672 286 3750 potius
301 3674 442 3755 syllabae
457 3695 507 3746 oo,
523 3675 612 3740 cuius
627 3675 730 3755 prima
744 3675 839 3740 litera
853 3694 873 3735 o
887 3681 938 3740 vel
952 3696 966 3737 c
981 3675 1186 3739 antecedente
1203 3672 1329 3736 omitte·

173 3769 282 3850 batur,
306 3775 343 3835 ut
360 3773 423 3836 iam
439 3771 531 3838 fieret
546 3776 744 3848 fructandus,
767 3775 958 3843 conde-udus,
980 3774 1176 3843 amo-adus.⁸l
1206 3769 1329 3836 Deinde

250 4017 272 4080 ⁸)
293 4017 444 4086 Simplicior
469 4033 548 4084 quam
573 4017 641 4071 haec
667 4017 807 4072 derivandi
830 4016 900 4072 ratio
919 4015 950 4069 G.
971 4015 1065 4070 Curtio
1088 4015 1115 4067 iu
1136 4031 1251 4069 censura
1268 4012 1330 4066 libri

177 4099 397 4154 Weissenbornii
415 4099 515 4169 Boppii
546 4102 616 4155 ratio
643 4103 764 4170 videtur,
792 4102 838 4169 qui
860 4100 971 4154 formam
994 4098 1022 4151 in
1046 4102 1124 4149 nd-us
1150 4093 1329 4166 sparticipio

178 4183 335 4252 praesentis
354 4190 405 4238 sot.
426 4182 544 4254 deducit,
563 4192 669 4240 mutato
690 4194 699 4235 ι
717 4183 745 4236 in
764 4185 788 4234 d.
