3036 4766
517 157 664 198 poculum
703 157 936 199 bratteolam.
1239 167 1300 229 363

140 345 284 422 aegrest?
328 343 365 420 V,
382 349 418 426 Ι2,
444 349 477 411 3:
499 347 581 424 Quid
603 349 659 410 hoa
680 357 728 410 est
750 352 852 426 negoti
874 367 953 420 oum,
975 349 1104 412 amabo?
1148 347 1245 413 Mero.
1262 347 1300 428 V,

140 448 170 512 4,
195 445 231 505 6:
254 444 331 516 qaid
351 447 574 521 regalistarum
597 463 708 522 quaeso
731 448 830 509 istus?
845 481 888 492 -
908 446 1022 526 Amph.
1045 445 1088 526 11,
1116 452 1142 527 l,
1165 449 1201 511 2;
1224 449 1301 510 Nam

139 542 354 618 quamobrem?
396 540 444 618 11,
467 545 497 620 2,
521 545 578 606 28:
611 545 692 604 Nom
715 546 786 619 qaid
807 549 860 607 ille
882 549 1046 608 revortitur
1066 545 1136 608 -P
1179 543 1251 610 Aul.
1273 543 1299 622 Ι,

143 643 177 716 l,
206 643 240 704 3:
269 633 351 700 Nom
378 657 433 701 oar
452 629 505 701 ¹m‘e
532 643 671 703 miseram
704 643 869 707 verberas?
913 659 941 708 v.
966 648 999 707 5:
1035 646 1111 705 Nam
1140 661 1199 720 qua
1224 644 1298 706 cett.

139 735 233 816 Epid.
258 734 290 812 Ι,
314 741 349 816 2,
376 741 432 802 13:
464 738 546 799 Num
575 741 649 814 ratu
669 749 699 802 te
721 743 814 819 igitur
844 744 963 804 rettulit
986 743 1059 806 oett.
1082 759 1110 804 v.
1135 743 1190 805 29:
1218 741 1300 801 Num

138 837 193 910 pai
214 835 355 909 perdidi?
399 833 596 900 Monaesum.
626 836 672 916 ΙΙ,
699 843 733 913 l,
757 842 792 904 8:
821 841 902 902 Nom
928 840 1000 913 natu
1027 840 1106 900 modi
1138 837 1300 899 futurumst

139 935 226 994 illum
249 932 417 1010 quaerere?
461 932 555 998 Poeu.
579 932 618 1005 V,
642 940 670 1013 3,
694 942 729 1000 3:
753 940 835 998 Nom
857 955 941 1012 quaa
963 955 1018 1012 ego
1042 937 1177 1012 aspicio?
1207 935 1299 999 Truo.

139 1029 196 1106 IV,
220 1034 249 1106 2,
275 1034 332 1094 ll:
369 1033 637 1108 praeoperari,
668 1044 701 1096 ut
724 1055 857 1111 narrem,
888 1053 964 1112 quae
988 1037 1095 1096 volam.
1139 1032 1195 1096 DI.
1219 1034 1300 1093 Nom

137 1131 215 1204 maid
236 1131 265 1189 id
290 1129 358 1193 est?
402 1127 462 1209 (sio
486 1129 578 1194 Both.
603 1130 687 1211 vulg.
711 1151 780 1194 aum
807 1136 880 1208 qaid
908 1133 993 1200 esti).
1017 1163 1061 1174 -
1089 1128 1166 1194 cist.
1190 1128 1245 1206 IV,
1273 1134 1300 1208 l,

143 1231 199 1290 17:
223 1229 288 1288 Non
310 1237 431 1291 'ecastor
453 1246 540 1290 cassa
562 1233 707 1292 memoro!
731 1233 829 1304 Num,
856 1235 997 1305 obseoro,
1027 1231 1104 1292 unde
1126 1229 1201 1289 haee
1228 1244 1298 1303 gen·

139 1329 214 1387 tium
238 1325 307 1388 -P
339 1325 424 1390 Asin.
444 1324 469 1401 I,
497 1331 524 1404 l,
549 1330 606 1389 29:
629 1330 728 1389 Etiam
752 1333 887 1406 amplius.
919 1327 986 1392 DE.
1010 1329 1092 1388 Nom
1113 1325 1300 1401 quousque?

143 1453 182 1466 -
207 1421 279 1486 Aul.
303 1421 352 1500 11,
376 1427 410 1501 2,
434 1427 491 1488 26:
522 1426 657 1502 Quorsum
687 1424 773 1488 abis?
816 1423 930 1490 Baooh.
958 1443 988 1490 v-
1018 1427 1090 1488 246:
1122 1425 1298 1485 Salve.set

141 1523 297 1584 ubinamst
319 1523 558 1597 Mnesilochust,
586 1521 626 1585 de
653 1539 716 1601 quo
745 1522 815 1588 loco
837 1521 1032 1587 Ritsohelius
1064 1522 1096 1585 in
1121 1520 1297 1601 prolegom.

140 1617 182 1682 ad
206 1617 379 1682 Trinumm.
410 1636 440 1698 p.
466 1623 542 1682 212:
574 1635 772 1702 „quanquam
800 1621 844 1688 ibi
872 1637 935 1685 uon
960 1620 1069 1702 inepte
1090 1617 1226 1683 Botbius
1248 1621 1301 1681 ate·

140 1719 342 1779 mastacius
364 1735 435 1777 nom
455 1717 521 1780 ast?
549 1719 732 1798 proposuit,
756 1735 838 1798 quae
861 1718 1027 1784 collocatio
1049 1716 1300 1797 interrogativae

139 1833 214 1876 aum
244 1813 421 1894 particulae
457 1813 627 1895 aliquoties
656 1815 843 1882 oblitterata
873 1816 953 1882 est.“
998 1815 1079 1879 Rud.
1109 1812 1159 1894 ΙΙ,
1184 1819 1220 1894 3,
1244 1819 1299 1879 6οι

141 1915 274 1977 Ubinam
297 1931 333 1974 eu
356 1913 413 1974 init
435 1915 607 1976 cistellula?
652 1913 745 1978 Truc.
777 1915 807 1993 Ι,
832 1919 864 1994 2,
890 1919 945 1980 34:
976 1915 1105 2002 Quinam
1132 1914 1301 1976 arbitrere?

140 2008 204 2090 (sio
225 2007 347 2091 Ang,
370 2009 456 2092 vulg.
480 2010 645 2091 namnam).

228 2107 246 2170 i.
293 2106 355 2172 Sed
385 2124 457 2169 aare
488 2108 593 2188 ipsum
621 2127 684 2173 666
712 2114 762 2176 est
788 2109 1069 2191 interrogativum,
1100 2108 1196 2172 immo
1224 2123 1301 2171 vero

140 2221 270 2285 semper
293 2205 481 2286 exprimitur
504 2207 724 2272 admirationis
751 2207 803 2272 vel
833 2205 1083 2288 exspectationis
1104 2207 1156 2270 vel
1180 2205 1301 2285 cupidi-

141 2303 219 2367 tatis
242 2307 356 2369 motus.
402 2304 523 2368 Eadem
551 2304 590 2370 de
620 2322 716 2371 causa
745 2306 946 2390 componitur
972 2321 1044 2366 aum
1072 2321 1143 2370 oum
1165 2303 1302 2367 interro-

140 2401 251 2482 gativa
278 2421 367 2464 arar:
402 2420 465 2467 666
495 2407 602 2468 tamen
628 2409 754 2470 veteres
783 2405 933 2468 dixerunt
959 2421 1014 2465 oar
1034 2421 1122 2471 aava,
1150 2400 1206 2466 sed
1229 2417 1301 2461 nom

139 2521 211 2566 aar:
236 2499 384 2565 dixerunt
406 2503 559 2576 arrianam.
591 2502 639 2566 De
661 2521 803 2564 numnam
826 2497 854 2566 v.
879 2497 995 2582 §toi
1020 2501 1147 2565 Terent.
1164 2497 1299 2578 Adelph.

140 2600 208 2677 ΙΙΙ,
232 2606 263 2675 4,
286 2604 342 2663 42:
365 2602 441 2660 Num
464 2620 531 2662 nam
555 2603 609 2663 ille
631 2619 742 2678 quaeso
764 2601 913 2677 parturit?
939 2598 1104 2663 -.Plaut.
1130 2595 1242 2676 Amph.
1259 2595 1301 2675 ΙΙ,

144 2704 173 2778 1,
198 2703 252 2763 33:
275 2700 357 2759 Nam
378 2717 453 2773 quor
475 2697 553 2762 istue
578 2699 643 2777 [rui]
667 2699 767 2761 diois?
814 2696 874 2762 Aul
907 2697 936 2776 I,
963 2701 995 2777 l,
1019 2701 1053 2762 3:
1079 2697 1161 2758 Nom
1181 2713 1295 2757 marma

140 2799 282 2860 miserem
305 2799 446 2859 verberas
471 2798 539 2861 -i
582 2796 679 2861 Naev.
704 2795 775 2862 bell.
801 2795 879 2860 Ρ66.
903 2796 1030 2875 Fragm.
1052 2796 1112 2860 ino.
1138 2799 1170 2860 1:

700 2915 812 2957 summe
836 2898 921 2955 deum
946 2905 1087 2968 regnator

355 2995 505 3072 Quianam
531 2997 659 3070 genuisti
682 2992 811 3072 (Festus
835 3009 865 3070 p.
887 2995 947 3054 257
970 2987 1029 3068 M.)

142 3089 236 3155 Ennii
266 3088 555 3170 annal.,1.11‚lr.
581 3094 599 3153 6
628 3094 670 3166 (v.
699 3092 787 3165 teob:
817 3091 962 3164 quterram
990 3091 1122 3165 legiones
1150 3089 1301 3148 oredimus

140 3190 233 3252 ferro.
263 3187 406 3264 (Servius
434 3189 466 3252 in
490 3190 566 3253 Aen.
591 3189 635 3267 X,
658 3191 677 3252 6
701 3190 881 3268 „putabam
912 3205 983 3265 our,
1013 3183 1164 3267 quars.“).
1188 3182 1207 3245 l.
1230 3180 1302 3259 VII,

142 3285 181 3350 fr.
209 3290 246 3351 18
270 3286 313 3368 (v.
331 3289 422 3364 264);
447 3287 540 3366 [Η66]
563 3289 705 3362 quianam
722 3285 809 3348 dietis
833 3288 944 3347 nostris
967 3287 1117 3346 sententia
1132 3283 1210 3344 flexa
1233 3279 1302 3343 est?

143 3385 276 3464 (Festus
304 3385 323 3450 l.
347 3403 393 3451 6.·
421 3388 584 3462 „quianam
615 3403 673 3465 pro
705 3401 805 3466 quare
833 3386 865 3447 et
895 3382 956 3446 our'
975 3381 1113 3462 positum
1141 3384 1191 3444 est
1218 3376 1304 3458 apud

143 3483 329 3563 antiquos.“
382 3484 501 3548 Paulus
529 3502 559 3564 p.
589 3487 650 3548 266
684 3481 727 3548 Μ.
763 3483 941 3598 ..quianon
965 3497 1023 3559 pro
1057 3495 1150 3554 quaro
1186 3481 1219 3541 et
1249 3495 1304 3540 arr

143 3579 319 3666 ponitur“).

231 3687 281 3746 51.
330 3678 555 3746 Corionototae
576 3683 768 3742 surdastrae.
812 3676 850 3741 In
873 3675 1092 3741 coniunctione
1113 3692 1182 3751 erqo
1205 3671 1305 3753 expli-

140 3780 245 3846 oanda
266 3780 384 3845 iterum
407 3795 523 3857 sequar
545 3777 715 3842 Handium.

231 3897 259 3943 a.
304 3883 390 3953 Ergo
411 3901 455 3932 =
477 3876 518 3940 ob
539 3875 621 3941 hanc
644 3891 782 3940 oausam.
805 3873 908 3937 Plaut.
926 3871 1012 3936 Asin.
1028 3869 1070 3950 ΙΙ,
1088 3875 1119 3951 2,
1141 3871 1196 3934 49;
1220 3873 1305 3944 Erpa

143 3979 275 4038 mirabar
305 3979 382 4054 quod
415 3977 523 4037 dudum
553 3977 697 4050 scapulae
726 3975 875 4049 gestibant
903 3973 983 4032 mihi.
1031 3967 1107 4033 cist.
1131 3968 1162 4045 I,
1190 3970 1304 4045 1,74:

144 4079 231 4152 Erpo
253 4079 282 4135 iu
306 4094 353 4137 me
375 4078 545 4152 peculatum
578 4071 660 4134 iacit.
706 4070 803 4134 Poen.
826 4065 865 4146 V,
897 4071 929 4144 2,
954 4071 1010 4130 93:
1041 4071 1126 4141 Eupo
1153 4067 1202 4126 hio
1226 4063 1307 4140 apud

144 4194 191 4236 me
215 4176 376 4249 hospitium
398 4174 453 4233 tibi
476 4173 678 4246 praebebitur.
872 4177 875 4182 '
