3048 4770
512 221 631 260 FORMAE
656 221 762 261 ENUNO.
783 219 991 261 reinsumimus.
1255 227 1316 288 229

155 420 185 468 v.
211 409 266 468 98:
289 411 355 482 Ego
377 411 451 482 fuae
472 413 629 484 reseretur.
662 409 699 486 V,
716 416 746 489 2,
762 415 818 474 4οτ
842 415 930 472 etiam
954 411 1027 482 fauo
1048 412 1163 470 amabit
1183 412 1318 484 amplius.

154 507 186 579 5,
210 508 266 567 47:
292 509 485 568 Heilebonnm
503 510 622 582 potabis
644 510 718 582 fano
740 513 856 585 aliquos
880 509 983 584 viginti
1006 510 1080 569 dies.
1115 526 1154 572 ,v.
1180 512 1236 570 53:
1260 510 1316 568 iam

156 619 212 675 ego
235 605 299 664 illie
321 605 394 676 fuae
422 607 488 665 erit.
532 604 597 667 Mil.
622 603 672 684 ΙΙ,
697 612 729 685 5,
755 611 809 672 53:
841 609 901 668 Iam
930 608 1002 679 sano
1027 608 1075 666 bio
1099 607 1163 668 arii.
1208 601 1263 683 IV,
1287 607 1317 681 8,

156 702 215 761 δῖε
243 703 334 762 immo
364 702 453 764 hodie
486 721 587 764 rernm
619 703 730 766 iactum
759 706 832 778 fano
862 713 931 780 post
952 704 1031 763 diaes
1053 706 1155 778 magis.
1201 699 1318 765 Pseud.

154 795 186 875 1,
221 802 254 875 i,
286 804 344 860 47:
379 817 415 860 ax
448 803 568 863 tabellis
596 804 654 861 iam
690 801 764 874 saxu
793 805 876 863 seim.
921 805 959 880 3,
990 805 1065 865 153:
1095 803 1234 876 Temperi
1262 818 1317 875 ego

155 896 229 967 fuxo
251 897 333 959 seies.
379 914 405 960 v.
433 900 597 961 159:1am
622 901 669 960 hio
695 901 776 975 seeo
806 900 912 958 oderit.
957 896 999 975 ΙΙ,
1023 903 1060 976 4,
1085 901 1138 961 76ε
1170 901 1232 958 Iam
1263 915 1318 975 ego

154 994 213 1053 hoo
238 996 334 1069 ipsum
357 998 497 1071 oppidum
529 1005 728 1071 expugnatum
759 998 832 1070 fano
860 998 918 1056 erit
945 999 1105 1058 lenonium.
1148 993 1205 1073 IV,
1228 1001 1257 1073 4,
1281 997 1317 1056 2:

154 1093 265 1152 Verum
298 1095 356 1152 han
384 1095 478 1154 multo
507 1102 577 1168 post
601 1095 682 1168 suad
705 1097 795 1155 seidis
818 1095 976 1155 adonbans.
1025 1111 1054 1156 v.
1079 1097 1115 1156 6:
1139 1095 1318 1154 Oaiodornm

153 1190 213 1249 han
246 1191 338 1249 multo
368 1198 437 1264 post
469 1191 542 1263 fuae
581 1193 797 1266 oomleaabere.
843 1190 880 1269 V,
904 1194 937 1269 2,
962 1194 1016 1255 29:
1044 1192 1076 1252 Si
1099 1194 1149 1266 is,
1165 1188 1318 1252 dimidium

154 1291 216 1346 Aut
236 1289 306 1361 plns
329 1291 417 1348 etiam
441 1288 516 1359 fuae
535 1289 613 1360 feres
635 1291 713 1351 hine.
759 1285 898 1366 Poen.I‚
918 1292 945 1367 1,
970 1293 1024 1352 34:
1052 1292 1218 1365 Utrumque
1242 1289 1316 1360 sano

154 1385 281 1456 nemost,
307 1395 337 1444 et
361 1403 486 1461 nequam
511 1397 541 1447 et
563 1391 683 1450 maium.
722 1406 750 1449 v.
774 1391 833 1451 45:
857 1395 889 1446 at
912 1405 966 1462 ego
988 1389 1046 1447 iam
1071 1387 1144 1459 seeo
1166 1387 1248 1447 scies.
1274 1383 1315 1463 ΙΙ,

156 1483 213 1544 14:
236 1483 302 1556 Ego
325 1482 400 1554 fano
422 1486 550 1558 posthae
574 1487 603 1546 di
626 1487 760 1562 deaeque
783 1488 879 1546 aeteri
896 1486 1107 1546 Contentiores
1121 1501 1207 1561 mage
1230 1488 1317 1543 erum

154 1587 245 1662 nique
268 1581 347 1639 avidi
369 1584 474 1642 minus.
519 1580 575 1660 IV,
599 1587 628 1660 2,
651 1587 710 1646 86:
738 1586 813 1658 Quin
837 1585 921 1658 prins
943 1583 1100 1657 disperibit
1121 1583 1203 1658 saxo,
1227 1599 1315 1658 qnam

154 1695 243 1736 unam
267 1681 379 1740 calcem
405 1681 519 1740 civerit.
568 1679 605 1758 V,
623 1686 652 1759 3,
676 1685 734 1744 35:
763 1683 828 1758 Ego
849 1681 923 1753 faxo
945 1683 1105 1755 hospitium
1129 1682 1185 1741 hoo
1208 1683 1318 1741 leniter

153 1775 324 1850 laudabitis.
370 1780 408 1854 4,
432 1781 487 1838 57:
518 1779 576 1838 iem
599 1779 672 1850 fauo
694 1781 791 1844 sams.
835 1795 864 1841 v.
889 1782 943 1841 58:
972 1795 1040 1838 nem
1070 1777 1144 1850 seeo
1168 1795 1235 1838 mea
1257 1777 1317 1838 eris

154 1891 274 1947 sponsa.
318 1872 407 1937 Pers.
431 1872 457 1951 I,
481 1879 511 1952 3,
535 1878 594 1937 81:
618 1879 680 1938 Iam
704 1877 778 1948 fuae
800 1879 849 1937 hio
871 1877 1006 1936 oderem.
1050 1872 1093 1949 ΙΙ,
1118 1877 1151 1953 2,
1179 1879 1236 1938 13:
1260 1893 1316 1950 ego

154 1971 294 2032 laudabis
315 1972 397 2043 fuae.
442 1970 500 2050 ΙΙΙ,
526 1977 555 2049 3,
579 1978 633 2038 34;
663 1978 726 2035 lum
753 1975 827 2047 fuae
856 1975 905 2034 hie
934 1976 998 2036 erit.
1045 1990 1073 2034 v.
1097 1977 1152 2036 41:
1191 1975 1247 2032 iam
1271 1974 1321 2032 hie

153 2071 229 2140 fauo
251 2069 358 2132 admit.
401 2067 485 2132 Rud.
509 2068 552 2148 ΙΙ,
576 2077 605 2149 3,
630 2076 685 2134 35:
712 2074 809 2133 Soibis
838 2071 915 2133 faxo.
961 2070 999 2145 V,
1023 2075 1060 2149 2,
1085 2073 1139 2132 64:
1172 2072 1230 2130 iam
1261 2087 1317 2145 ego

153 2167 228 2238 seeo
251 2169 343 2228 exibit
365 2185 466 2230 senex.
511 2167 603 2232 True.
629 2166 685 2248 IV,
709 2173 738 2247 2,
761 2173 817 2232 48:
840 2171 903 2230 Iam
925 2172 1029 2230 herulo
1058 2169 1136 2243 apud
1158 2169 1317 2244 magistre·

154 2271 203 2325 tus
227 2268 322 2326 omnis
345 2265 418 2337 sano
440 2267 498 2324 arii
520 2284 626 2330 nomen
649 2273 739 2331 tuom.
771 2267 898 2330 Terent.
924 2263 1020 2329 Andr.
1044 2263 1087 2334 ΙΙ,
1112 2268 1140 2342 2,
1166 2269 1223 2326 54:
1247 2264 1316 2324 iano

153 2393 198 2404 --
221 2362 388 2425 insultabis.
434 2361 489 2440 Ν,
515 2367 543 2440 3,
567 2366 624 2426 21:
654 2367 716 2426 Iam
746 2366 820 2438 foeno
849 2366 930 2426 enies
977 2360 1314 2439 Phorm.11‚1‚re:

154 2461 218 2520 Iam
241 2461 314 2533 sono
337 2462 385 2521 hie
408 2461 514 2520 aderit.
562 2459 599 2538 V,
624 2465 654 2540 9,
678 2465 734 2524 66:
762 2465 821 2522 iam
851 2464 900 2522 hio
925 2463 998 2534 fuae
1026 2463 1131 2522 admit.
1176 2457 1255 2522 Ceto
1278 2457 1315 2522 R.

153 2557 191 2622 R.
217 2575 242 2620 o.
270 2563 344 2622 151:
369 2561 410 2620 Et
431 2561 558 2634 primum
580 2560 661 2637 seito,
686 2562 723 2620 de
739 2561 874 2622 omuibus
890 2561 1031 2621 bressiois
1046 2560 1133 2619 anua
1156 2563 1200 2618 esi
1221 2560 1316 2619 iliius·

155 2658 236 2717 modi
258 2657 548 2718 medicamentosior.
592 2655 695 2722 Plaut.
719 2656 833 2738 Amph.
857 2656 890 2734 1,
917 2662 951 2736 1,
975 2660 1053 2720 281;
1082 2659 1157 2718 Nam
1187 2658 1318 2716 iniurato

153 2757 215 2816 noio
237 2757 304 2830 plus
327 2755 424 2816 erodet
451 2757 525 2816 mihi
555 2775 641 2832 quam
664 2759 762 2818 innato
793 2757 855 2817 tibi.
901 2752 944 2834 Π,
969 2758 997 2833 2,
1021 2757 1170 2818 71-73:
1194 2757 1261 2815 Non
1284 2761 1318 2813 tn

154 2853 225 2929 seis,
247 2855 393 2916 Bacchae.
407 2853 567 2916 bacchanti
591 2857 616 2916 si
639 2857 683 2916 vis
707 2855 914 2928 adversarior,
937 2857 984 2914 Ex
1006 2856 1113 2914 insana
1134 2855 1316 2913 insaniorem

159 2951 261 3022 facies,
284 2951 373 3022 feriet
387 2953 520 3025 saepius:
545 2951 577 3011 Si
592 2953 766 3026 obsequere,
790 2970 849 3012 una
871 2952 1002 3012 resolvas
1023 2950 1134 3026 plaga?
1178 2949 1264 3012 Asin.
1288 2947 1314 3027 Ι,

157 3056 186 3126 3,
211 3053 269 3114 2ὁε
300 3052 366 3111 Non
390 3056 422 3110 tu
444 3048 526 3110 sois?
561 3067 636 3125 quae
661 3052 773 3110 emanti
795 3058 909 3124 puroet,
934 3049 1036 3108 eadem
1061 3049 1116 3108 sibi
1133 3052 1240 3120 pareat
1261 3065 1314 3122 pa·

153 3165 229 3208 rum.
266 3144 306 3222 II,
332 3151 362 3225 2,
388 3150 461 3210 lll:
487 3156 519 3206 tn
541 3148 608 3215 iam,
630 3148 700 3224 saio,
721 3149 844 3221 patiere.
885 3151 923 3222 ·4,
948 3149 1005 3208 96:
1028 3146 1088 3205 seio
1110 3147 1162 3219 pol
1184 3145 1316 3204 erederes

156 3263 236 3306 nuno
262 3248 338 3322 quod
362 3245 433 3306 fers.
478 3241 535 3322 IV,
560 3248 595 3322 2,
619 3247 715 3322 8qu
745 3263 831 3322 quem
855 3251 887 3304 tn
910 3261 1005 3320 prope
1029 3245 1117 3316 diem,
1140 3271 1181 3285 -
1204 3243 1318 3316 eeliiqes

157 3347 231 3415 seio.
272 3342 343 3408 Aul.
367 3340 410 3417 ΙΙ,
435 3346 463 3420 2,
488 3346 545 3405 24:
569 3361 648 3404 nune
671 3345 720 3404 hio
740 3361 808 3408 ,eam
830 3361 894 3404 rem
915 3343 984 3410 ooli,
1006 3342 1075 3402 auio.
1120 3337 1175 3416 IV,
1194 3343 1243 3418 10,
1265 3344 1317 3404 12:

153 3445 186 3503 ui
210 3445 338 3519 vellent,
362 3459 420 3502 non
442 3441 533 3512 fiee,
561 3444 631 3502 seio.
677 3439 768 3520 Capi.
792 3438 843 3518 ΙΙ,
874 3443 910 3517 2,
935 3442 993 3501 76:
1017 3438 1084 3500 Seio
1108 3455 1177 3513 ogo,
1208 3440 1319 3500 multos

153 3545 212 3600 iem
238 3542 352 3602 lucrum
377 3540 510 3600 hominos
534 3539 702 3602 luculentos
723 3539 862 3600 reddidit.
895 3541 929 3614 3,
953 3539 1010 3600 80:
1035 3539 1110 3598 Nam
1128 3545 1225 3612 pater,
1248 3540 1319 3608 seio,

153 3640 247 3713 faeiat
267 3655 342 3713 quae
365 3640 447 3698 ilium
470 3637 573 3698 faeere
604 3645 725 3714 oportet
747 3639 855 3698 omnia.
901 3633 939 3713 V,
964 3638 998 3711 2,
1025 3637 1079 3696 18;
1109 3637 1209 3696 Pauca
1236 3635 1320 3717 aetia-

151 3740 245 3813 9iam,
266 3738 335 3796 seio.
380 3733 452 3798 Geo-
469 3733 548 3811 prol.
565 3751 593 3794 v.
613 3741 669 3798 15:
692 3737 770 3802 Nam
784 3733 937 3796 iuniorum
947 3736 998 3808 qni
1018 3739 1098 3806 suni,
1123 3751 1180 3794 non
1196 3739 1317 3810 aarum,

151 3837 221 3898 seio.
271 3831 387 3897 Bacch.
412 3830 461 3908 ΙΙ,
485 3837 521 3912 3,
552 3837 593 3897 20
610 3849 694 3912 sqq:
719 3836 795 3906 Quia
823 3831 931 3906 edepol
954 3839 1037 3894 eerto
1060 3830 1135 3906 acie,
1167 3833 1316 3894 Volcanus

152 3936 242 3997 Luna
264 3935 315 3994 Sol
337 3963 380 3976 -
402 3935 516 3992 nulium
543 3932 687 3995 inhumare.
731 3931 828 3996 Most.
852 3929 886 4006 I,
912 3932 947 4008 2,
974 3934 1011 3994 13
1028 3945 1113 4008 sqq:
1137 3935 1237 4008 Atque
1262 3933 1318 3992 hoo

153 4036 265 4094 vosmet
285 4032 355 4106 ipsi,
377 4031 446 4104 seio,
472 4028 599 4106 proinde
621 4036 665 4092 uti
687 4049 766 4097 nune
782 4033 847 4107 Ego
863 4045 929 4089 esse
947 4037 1080 4108 autumo,
1105 4031 1222 4108 qnando
1238 4031 1320 4090 dieta

154 4133 286 4192 audietis
323 4133 407 4204 Mea,
433 4132 522 4191 aliter
549 4131 607 4190 hen
635 4130 745 4190 diaetis.
794 4127 853 4205 111,
877 4130 913 4205 2,
940 4130 994 4190 10:
1028 4130 1104 4188 Tota
1126 4130 1224 4200 meoet
1245 4126 1319 4184 mihi

153 4247 240 4304 uxor,
263 4229 332 4296 seio,
355 4231 444 4290 domi.
490 4225 528 4301 V,
556 4231 581 4302 1,
605 4229 659 4290 33:
691 4225 770 4304 Seio,
793 4228 905 4286 iocaris
926 4240 1004 4286 nune
1027 4231 1068 4284 tn.
1113 4221 1196 4286 Men.
1219 4219 1263 4299 II,
1287 4225 1318 4302 2,
