3036 4766
498 143 646 184 DOCTRINA
675 143 908 185 Pnnrleunnnmt.
1214 155 1276 218 309

113 328 171 422 ΙΙΙ,
185 334 214 395 6.
245 333 293 394 Ne
314 331 473 412 particula
495 329 687 398 affirmative
711 333 900 416 plerumque
919 334 1158 415 pronominibus
1180 351 1277 415 pree·

112 427 247 508 ponitur
271 429 339 496 sive
360 429 583 511 personalibus
606 431 673 504 sive
696 432 964 506 demonstrativis,
987 453 1015 498 v.
1031 432 1135 498 Rudd.
1152 451 1180 513 p.
1199 437 1274 514 312,

111 524 229 592 Faern.
261 533 294 594 et
316 528 422 594 Bentl.
446 528 487 595 ad
508 527 635 594 Terent.
659 531 757 598 Andr.
785 531 865 614 prol.
888 549 917 594 v.
944 537 993 595 17.
1037 529 1276 611 Nonnunquam

111 624 321 706 anteponitur
350 627 526 708 particulae
553 648 591 691 ue
617 647 646 694 v.
677 631 787 706 edepol.
830 629 936 694 Pleut.
949 613 1075 710 ‘Ampn
1099 629 1132 707 I,
1157 637 1190 707 3,
1217 635 1274 696 12:

112 723 231 800 Edepol
252 744 288 788 me
308 727 364 790 illu
386 729 411 790 si
434 729 500 790 istis
523 731 614 790 rebus
637 731 713 793 sciet
736 731 810 794 cett·
833 724 948 796 Bacch.
973 725 1032 797 111.
1055 731 1092 807 6,
1120 731 1171 793 16:
1193 733 1273 794 Ede·

105 823 162 898 pot
182 839 219 884 me
241 829 274 886 tu
294 827 415 886 illorum
438 844 535 888 mores
558 844 703 904 perquam
726 828 868 913 meditate
891 836 985 891 tenes.
1030 825 1146 892 Pseud.
1169 825 1225 908 IV,
1242 833 1273 910 7,

114 924 193 985 116:
216 925 334 1006 Edepol
354 941 391 984 me
412 926 490 986 ietec
510 926 603 1000 megia
627 929 780 1003 magisque
803 933 911 990 metuo.
956 925 1050 990 Truc.
1074 924 1137 1004 IV,
1162 931 1198 1004 3,
1222 931 1273 992 79.

2 1047 7 1087 ;
110 1025 143 1097 4,
168 1024 224 1092 39;
246 1022 294 1083 Ne
314 1024 407 1086 tetum
429 1028 549 1086 ecastor
571 1024 659 1085 hodie
682 1026 761 1087 haud
784 1026 879 1087 hastis
896 1023 1054 1100 contexim,
1078 1034 1110 1086 at
1131 1024 1272 1091 fallaciis.

2 1103 7 1208 .
110 1115 239 1184 Terent
262 1118 340 1184 Hec.
363 1118 400 1197 V,
425 1124 455 1200 3,
479 1123 515 1182 1:
539 1121 656 1198 Edepol
676 1139 713 1183 me
733 1139 787 1182 mes
811 1142 911 1186 sumus
934 1125 1035 1204 inique
1050 1140 1144 1200 aeque
1168 1140 1272 1186 ornnes

111 1220 226 1280 inrisae
250 1222 333 1284 viris.
364 1217 498 1299 Adelph.
523 1216 579 1298 IV,
597 1222 625 1295 2,
652 1225 685 1285 l:
708 1222 755 1282 Ne
777 1229 827 1296 epo
852 1222 940 1282 homo
962 1221 1077 1282 infelix.
1094 1253 1131 1262 -
1151 1221 1270 1296 Nempe,

1 1351 5 1408 3
111 1321 151 1382 ut
172 1315 421 1382 Hauon-verbis
443 1322 517 1382 utar
540 1316 676 1383 Turseli.
699 1316 754 1398 IV,
776 1336 806 1398 p.
833 1322 902 1393 155,
926 1315 1085 1398 significat
1106 1334 1175 1381 rem
1198 1333 1270 1380 esse

109 1419 256 1496 apertam
273 1419 306 1480 et
322 1419 451 1494 certam,
475 1405 556 1496 quae
572 1415 623 1480 vel
637 1433 695 1496 per
710 1433 745 1480 se
760 1415 812 1480 vel
827 1433 886 1496 per
901 1414 980 1480 alias
996 1433 1048 1478 res
1070 1415 1270 1495 intelligatur

110 1520 146 1578 et
161 1517 286 1580 constet
309 1522 400 1578 extre
422 1513 663 1578 dubitationem.
702 1513 765 1580 Sed
787 1515 919 1595 propria
941 1519 991 1582 est
1009 1513 1089 1579 haec
1112 1511 1270 1596 particula

110 1611 270 1694 colloquii.
302 1612 384 1678 Utar
407 1610 633 1677 distributione
655 1611 783 1678 Hendii.
822 1629 851 1677 a.
876 1611 1018 1676 Primum
1040 1611 1140 1694 igitur
1155 1628 1268 1687 nempe,

108 1709 304 1774 vocabulum
328 1708 487 1790 colloquii,
510 1710 630 1776 indicat
652 1710 772 1776 cleram
803 1729 876 1776 ease
899 1717 932 1776 et
955 1701 1176 1775 affirmandam
1197 1726 1268 1772 rem

109 1825 149 1872 ex
174 1807 319 1888 alterius,
342 1809 397 1889 qui
419 1807 621 1893 colloquitur,
645 1809 805 1875 sententie
828 1809 879 1874 vel
900 1813 1016 1874 mente.
1062 1808 1112 1872 Ex
1134 1805 1269 1872 alterius

109 1905 193 1970 enirn
216 1906 323 1973 verbis
352 1906 480 1972 ducitur
506 1911 744 1994 argumentum,
773 1907 822 1974 vel
845 1907 974 1974 additur
996 1907 1053 1988 ile,
1076 1925 1158 1988 quae
1180 1905 1267 1972 dicta

2 2063 3 2102 ,
109 2011 210 2084 erant,
234 2003 420 2086 affirmatio,
455 2022 636 2085 quosensu
664 2005 861 2087 accipienda
879 2005 952 2070 sint.
998 2004 1161 2070 Particula
1184 2003 1267 2069 enim

108 2100 173 2166 vim
188 2101 286 2170 habet
307 2103 477 2170 verborum
499 2109 543 2165 est
563 2106 622 2174 tto,
644 2121 753 2180 aegere
775 2121 834 2166 eeu
854 2111 953 2180 potes,
982 2103 1033 2167 vel
1062 2101 1147 2183 quod
1169 2102 1267 2166 inter-

107 2199 276 2279 rogatione
309 2201 498 2282 exprimitur
525 2203 558 2266 in
586 2200 758 2282 colloquio:
794 2208 873 2265 estne
898 2201 967 2263 ite?
1011 2199 1119 2288 Saepe¹
1141 2217 1267 2280 compo·

2 2359 4 2382 ,
106 2303 230 2362 nuntnr
253 2299 352 2364 verba
374 2317 476 2376 nempe
498 2300 572 2361 dicte
595 2305 628 2364 et
651 2299 775 2365 similia.
820 2298 925 2365 Plaut
949 2297 1076 2363 Curcul.
1100 2297 1125 2377 Ι,
1149 2302 1187 2362 41
1206 2313 1269 2376 sq:

2 2392 4 2470 j
107 2398 208 2458 Etiam
234 2397 293 2475 [tu]
317 2401 420 2462 taces?
462 2396 527 2462 PA.
551 2399 663 2473 Nempe
685 2401 807 2476 obloqui
827 2417 881 2476 ‚me
905 2400 1047 2468 iusseras.
1091 2392 1158 2461 Mil.
1186 2393 1267 2476 glor.

2 2565 5 2594 b
106 2491 133 2568 I,
160 2496 187 2572 1,
214 2499 268 2560 16:
293 2500 431 2560 Memini:
454 2514 556 2571 nempe
579 2499 662 2558 illum
686 2500 761 2559 dieis
785 2515 851 2559 enm
874 2499 965 2560 ermis
988 2497 1088 2558 aureis
1111 2497 1203 2573 ceth,
1225 2490 1266 2557 ed

106 2608 137 2672 q.
158 2589 178 2653 l.
204 2592 362 2659 Lindem:
388 2593 581 2676 „Notissima
605 2598 654 2660 est
674 2594 756 2660 haec
777 2593 955 2674 particulae
970 2612 1072 2670 nempe
1094 2593 1142 2658 vis
1157 2608 1267 2656 assen-

2 2760 3 2776 ,
104 2690 216 2754 tiendi.
263 2689 308 2756 uf.
331 2710 389 2758 nos
411 2692 451 2757 ad
475 2689 539 2755 Cic.
563 2691 700 2756 Brutum
722 2711 749 2758 c.
774 2699 801 2758 3.
826 2692 887 2758 snb
908 2689 970 2772 fin,
992 2691 1047 2757 ubi
1068 2695 1133 2756 est:
1157 2707 1264 2766 nempe

106 2808 174 2852 euru
197 2792 287 2868 dicia,
311 2793 422 2868 inquit,
446 2811 504 2868 quo
526 2794 584 2854 iate
608 2810 725 2854 omnem
750 2811 850 2854 rerum
873 2794 1045 2853 memorium
1067 2793 1200 2853 breviter
1231 2820 1265 2832 -

2 2957 3 2972 ³
104 2893 278 2964 complexus
301 2897 356 2954 eet.
389 2886 436 2952 cl.
459 2887 555 2952 etiam
578 2887 689 2953 Dousa
711 2887 814 2954 Pluut.
838 2887 918 2969 expl.
941 2884 999 2968 ΙΙΙ,
1024 2885 1082 2952 ‘lf‘i
1098 2885 1267 2966 Merclv,

102 2992 136 3066 4,
160 2991 217 3052 20:
241 2989 354 3062 Nempe
376 3006 452 3048 uxor
474 2989 568 3050 rurist
590 2992 650 3048 tna.
680 3003 710 3048 v.
736 2989 794 3051 36:
817 2989 928 3060 Nempe
950 3005 997 3047 me
1021 2989 1090 3050 hine
1114 2990 1196 3048 abire
1214 2991 1267 3048 vie.

103 3083 235 3148 Terent.
266 3087 363 3150 Andr.
387 3083 435 3155 11.
459 3089 495 3164 2,
519 3088 574 3148 34:
610 3101 712 3158 meoepe
743 3086 811 3146 huie
843 3104 969 3161 prorsus
997 3079 1080 3148 illam
1117 3105 1176 3150 non
1204 3089 1265 3148 dat.

101 3181 231 3246 Phorm.
254 3182 308 3263 ΙΙ,
334 3189 365 3259 l,
389 3187 447 3246 80:
470 3184 585 3257 Nempe
607 3188 644 3243 ad
667 3183 859 3259 Pamphilam.
905 3181 934 3266 lp.
959 3181 1022 3252 Sed
1037 3182 1154 3248 dicitur
1170 3183 1267 3248 etium

102 3282 217 3358 dere,
245 3281 327 3361 quu'e
351 3298 466 3363 perse
489 3278 808 3360 constatsivequee
837 3286 953 3361 aperte
980 3279 1098 3346 nullam
1126 3279 1268 3345 admittit

99 3380 316 3460 negationem.
359 3379 455 3445 Modo
482 3377 583 3460 igitur
604 3375 745 3450 refertur
767 3377 808 3442 ad
830 3377 1091 3459 intelligentiam,
1116 3377 1167 3444 eui
1190 3377 1269 3444 nihil

102 3478 227 3546 obstat:
250 3477 344 3542 modo
360 3476 393 3541 id
408 3480 543 3558 spectat,
560 3475 645 3556 quod
661 3474 712 3540 vel
728 3475 796 3542 sine
812 3476 999 3557 exceptione
1014 3475 1064 3542 vel
1079 3494 1142 3541 non
1157 3476 1268 3544 addita

101 3565 284 3641 conditione
315 3573 467 3642 affirmari
489 3575 601 3640 debet:
626 3571 721 3638 modo
746 3573 933 3654 simpliciter
956 3571 1111 3642 affirmet:
1133 3595 1264 3652 reuera.

99 3673 207 3738 Plane
229 3673 346 3739 Pseud.
371 3673 396 3751 Ι,
419 3679 449 3754 2,
475 3678 530 3737 18:
553 3675 666 3746 Nempe
688 3677 732 3735 itu
754 3675 877 3734 animati
900 3676 989 3750 estis,
1013 3677 1133 3738 sineere
1156 3676 1267 3736 duritia

99 3774 179 3850 tergi
207 3774 264 3836 hoc
292 3779 382 3849 etque
406 3790 461 3834 me.
507 3771 589 3836 Rud.
611 3765 656 3848 11,
680 3773 710 3850 5,
737 3774 791 3834 19:
821 3772 934 3846 Nempe
958 3779 1079 3850 optumo
1103 3769 1176 3849 [me]
1199 3777 1264 3835 inre
1369 3823 1371 3826 .

98 3875 131 3934 in
152 3873 260 3934 sinclis
283 3874 384 3934 enicet
405 3872 609 3948 Magistratus.
655 3867 784 3932 Terent.
808 3867 908 3933 Andr.
931 3867 983 3949 11,
1007 3873 1041 3949 3,
1068 3874 1120 3935 18:
1151 3872 1265 3946 Nempe

100 3971 158 4032 hoo
182 3973 226 4032 sic
249 3987 315 4030 esse
341 3971 457 4044 opinor.
501 3965 569 4041 Ill,
595 3972 632 4046 3,
656 3969 711 4030 35:
740 3968 852 4042 Nempe
881 3970 1107 4032 incommoditas
1136 3970 1263 4045 denique

101 4069 160 4129 lruc
184 4069 279 4132 omnia
302 4069 391 4131 redit.
436 4085 461 4134 c.
486 4063 673 4146 Occupatur
693 4083 752 4146 per
781 4064 863 4131 hanc
891 4064 1082 4144 perticulam
1105 4063 1266 4130 sententia

97 4181 138 4246 ex
161 4171 251 4230 certa
273 4164 486 4242 coniectura„
508 4179 591 4244 quae
621 4163 739 4228 dicitur
759 4180 812 4228 res
836 4165 905 4230 sinc
928 4161 1025 4228 dubio
1053 4179 1133 4228 esse.
1178 4151 1266 4226 Nihil
