3076 4762
484 157 521 196 DE
537 157 634 197 nouis.
648 179 674 188 -
689 157 910 202 couluuarvvus.
1224 181 1279 240 1¹ss

124 345 288 420 Misereat,
317 348 345 406 si
372 343 512 408 familiam
544 351 626 408 alere
649 351 766 422 passim
798 355 1013 416 misericordia.
1058 375 1087 422 v.
1112 361 1166 422 56:
1197 363 1281 436 Egon

123 445 204 517 patri
228 445 392 518 subrupere
409 445 528 517 possim
542 447 708 521 quicquam,
734 455 792 508 tam
811 458 898 511 cauto
921 454 1006 520 seni?
1037 472 1065 518 v.
1093 457 1167 520 134:
1192 465 1280 534 atque

124 541 221 602 occidi
250 559 364 616 quoque
392 543 493 604 Potius
522 561 609 617 quam
644 546 739 606 cibum
766 549 983 619 praehiberem.
1030 570 1059 614 v.
1088 557 1160 617 143:
1188 558 1281 630 magis

124 654 233 712 operae
256 640 284 699 si
304 641 352 706 sit,
374 642 442 714 plns
465 647 562 700 tecum
585 642 698 714 loquar.
744 648 772 720 5,
802 649 914 725 lsqqa
940 648 974 708 m·
997 651 1033 710 de
1057 651 1207 714 damnosis
1230 657 1282 712 aut

122 738 151 794 si
172 736 208 795 de
232 738 413 797 amatoribus
438 739 576 799 Dictator
597 740 653 810 fiat
676 758 752 800 nunc
777 745 902 804 Athenis
925 747 1051 824 Atticis,
1082 750 1176 809 Nemo
1199 753 1281 808 amte-

122 834 223 892 oem'at
244 833 306 894 filio
329 835 419 894 credo
441 852 517 895 meo.
563 852 590 896 v.
620 839 655 898 Ι2
672 851 754 914 sqq.:

295 934 435 994 Homines
460 934 510 1007 qui
531 941 649 1008 gestant
672 937 779 1009 quique
802 922 973 1000 auscultant
994 945 1127 1017 crimina,

290 1027 323 1088 Si
347 1047 411 1090 meo
435 1030 582 1090 arbitratu
606 1032 707 1110 liceat,
732 1050 834 1096 omnes
849 1035 1007 1108 perdam,

294 1128 436 1199 Gestores
460 1128 582 1205 linguis,
612 1131 762 1192 auditores
786 1134 916 1194 auribus.

120 1241 148 1288 v.
176 1227 250 1286 141:
274 1227 372 1301 potius
396 1243 482 1299 quam
505 1225 534 1285 id
559 1245 615 1287 uon
638 1229 695 1300 liat
717 1247 770 1304 ego
788 1232 872 1291 dabo.
901 1228 942 1304 ll,
959 1236 987 1308 2,
1004 1237 1037 1299 4:
1061 1236 1148 1296 nimis
1165 1233 1277 1310 [quam]

120 1322 208 1382 veiim
232 1332 344 1383 certum
370 1325 419 1398 qui
443 1325 472 1383 id
496 1322 587 1384 faciat
610 1326 685 1386 Mihi
709 1331 783 1390 cett.
805 1345 834 1388 v.
857 1332 910 1391 57:
940 1332 1060 1392 Omnem
1091 1350 1153 1393 rem
1183 1340 1278 1394 tenes.

122 1417 180 1483 PS.
206 1421 283 1506 Quid
307 1439 361 1496 ego
392 1423 421 1480 ni
446 1422 580 1481 teneam?
624 1420 687 1501 ΙΙΙ,
713 1429 745 1502 2,
771 1430 825 1490 98;
859 1429 1000 1490 Fortasse
1030 1430 1104 1490 haec
1137 1437 1169 1488 tu
1200 1446 1277 1490 uuna

123 1519 193 1578 mihi
225 1537 282 1578 non
316 1519 420 1579 medas
452 1537 527 1594 quse
562 1523 667 1596 loquor
700 1525 743 1595 (v.
771 1521 1006 1588 Weissenborn.
1043 1528 1125 1607 synt.
1155 1542 1186 1604 p.
1215 1525 1279 1601 24).

120 1613 233 1680 Pseud.
258 1631 286 1676 v.
311 1619 387 1678 917:
414 1618 531 1692 Quippe
558 1636 613 1695 cgo
634 1621 667 1679 ai
689 1625 880 1695 contemnam,
904 1623 1095 1686 Stratioticus
1120 1625 1206 1684 homo
1228 1625 1278 1699 qui

120 1715 244 1776 elaeae?
288 1712 341 1790 lV,
366 1718 394 1791 5,
421 1717 475 1782 10:
499 1717 584 1776 llario
601 1735 655 1793 ego
668 1721 816 1780 Simonem
839 1722 877 1780 mi
901 1722 1037 1782 obviam
1061 1723 1159 1781 veniat
1181 1720 1277 1780 veiim.

120 1816 151 1891 6,
175 1817 228 1876 33:
253 1813 338 1874 Unde
363 1829 398 1874 ea
420 1815 461 1873 sit
483 1815 578 1874 mihil
599 1812 718 1894 (mouet
744 1814 830 1890 tulttr
859 1811 901 1894 id)
933 1849 966 1860 -
990 1813 1120 1896 baberi)
1167 1822 1196 1886 7.
1219 1821 1275 1880 80:

122 1911 182 1972 Ubi
209 1928 306 1972 suram
336 1912 481 1991 motam,
509 1914 587 1972 scias
614 1932 703 1989 posse
736 1932 801 1974 eum
836 1932 940 1989 gerere
977 1933 1094 1978 massas
1124 1917 1275 1990 conpedis.

119 2006 215 2072 Poeu.
232 2005 258 2086 I,
281 2010 310 2086 2,
337 2011 409 2073 109:
437 2027 504 2070 uam
533 2013 670 2087 vigilante
692 2015 807 2072 Venere
834 2012 862 2070 si
887 2014 1008 2072 veniant
1034 2012 1103 2086 dea,
1131 2015 1178 2074 lta
1208 2018 1278 2075 suut

121 2115 239 2182 turpes,
261 2109 351 2167 credo
375 2113 511 2182 ecastor,
535 2111 682 2170 Venerem
706 2113 800 2184 ipsam
825 2129 840 2168 e
864 2109 934 2171 iano
955 2110 1068 2184 [uacui.
1100 2105 1157 2185 ΙΙΙ,
1178 2114 1203 2184 l,
1221 2110 1296 2184 aa„

124 2205 198 2278 Quin
232 2207 321 2266 etiem
359 2206 525 2267 deciderint
557 2209 640 2267 vobis
668 2207 778 2268 femina
805 2210 834 2266 in
863 2210 940 2268 talos
968 2208 1064 2268 veiim.
1108 2205 1165 2285 IV,
1189 2209 1217 2280 2,
1242 2210 1277 2270 9:

124 2302 253 2374 Quodvis
282 2320 376 2377 genus
410 2304 450 2364 ibi
479 2305 627 2364 homiuum
656 2303 772 2366 videas:
808 2305 895 2377 amasi
921 2305 1123 2366 Acheruntem
1153 2305 1275 2364 aeacida.

124 2415 151 2460 v.
179 2403 235 2467 14:
258 2401 302 2461 lbi
333 2406 366 2460 tu
393 2401 495 2462 uideas
521 2404 655 2462 literatus
683 2403 785 2462 fictilis
808 2403 961 2476 epistulas.
1006 2417 1036 2462 v.-
1059 2403 1116 2462 42:
1139 2403 1221 2462 illum
1245 2407 1277 2462 ut

125 2498 271 2571 perdant,
298 2498 332 2556 ai
361 2500 431 2558 milri
456 2502 590 2560 mamam.
636 2517 663 2560 v.
697 2501 752 2560 52:
784 2502 890 2558 Verum
918 2501 995 2558 euim
1026 2499 1075 2573 qui
1105 2500 1191 2558 homo
1215 2494 1276 2576 (sie

123 2590 220 2674 ΔΘς;
244 2591 324 2674 att-lp
348 2597 433 2658 benc.
479 2595 640 2658 Gruterus
667 2595 817 2675 proponit
845 2593 941 2661 scribi
969 2611 1064 2674 posse
1093 2595 1178 2656 modo
1208 2593 1275 2660 sive

123 2692 217 2763 domo)
248 2709 312 2752 eum
343 2694 435 2762 mre,
465 2695 524 2752 cito
554 2695 641 2754 homo
667 2696 801 2768 pervorti
832 2697 941 2769 potest.
987 2710 1014 2756 v.
1050 2697 1106 2756 55:
1138 2696 1274 2754 Animum

121 2789 262 2849 iudaeam
285 2789 373 2850 facile
398 2800 430 2849 ut
453 2791 571 2850 credam
597 2793 672 2850 istuc
704 2794 775 2865 tibi,
801 2792 834 2850 ai
861 2803 890 2852 te
914 2792 1053 2852 moverim.
1098 2808 1129 2854 v.
1153 2794 1192 2855 63
1215 2807 1275 2869 sip:

123 2883 157 2945 Si
180 2905 249 2946 erus
266 2901 354 2947 meus
378 2891 442 2948 med
466 2906 531 2948 esse
556 2891 684 2948 locutum
709 2892 865 2964 quoiquam
889 2891 1008 2950 mortali
1022 2888 1106 2955 aciat,
1129 2889 1275 2949 Continuo

122 2983 147 3044 is
182 3001 228 3042 rue
257 3000 293 3043 ox
325 2985 506 3060 Syncerasto
537 2981 752 3058 Crurifragium
786 2985 896 3058 feeerit.
942 3002 970 3046 v.
996 2988 1049 3047 73:
1086 2986 1137 3047 sed
1167 2988 1216 3062 qui
1245 2985 1275 3045 id

120 3078 259 3142 credam?
283 3098 309 3142 v.
326 3084 399 3144 100:
423 3084 480 3144 Uni
496 3084 596 3157 potius
616 3083 694 3142 intus
707 3099 759 3143 ero
780 3085 848 3143 odio
861 3101 946 3158 quam
961 3082 1076 3142 hicsim
1089 3083 1170 3144 vobis
1183 3084 1274 3144 omui-

120 3179 184 3238 bus.
216 3194 245 3239 v.
266 3179 338 3240 106:
362 3180 491 3240 Remora
506 3180 532 3238 si
547 3180 595 3246 sit,
610 3181 661 3254 qui
676 3184 783 3241 malam
800 3197 861 3239 rem
879 3181 947 3239 mihi
966 3181 1025 3248 det,
1041 3180 1148 3240 marito
1163 3179 1274 3252 fecerit.

121 3271 159 3352 V,
184 3277 213 3352 2,
240 3278 295 3337 ll:
326 3276 358 3336 Si
388 3279 424 3336 ad
453 3293 518 3336 eam
550 3293 614 3344 rem
646 3280 732 3338 testis
755 3277 896 3350 habeam,
927 3276 1052 3348 faciam,
1082 3278 1160 3352 quod
1183 3278 1274 3338 iubes.

120 3487 265 3529 memores
288 3470 432 3530 mavelim.
480 3476 511 3548 4,
538 3473 588 3531 ll:
614 3473 713 3536 malim
744 3473 868 3551 (versus
892 3473 941 3533 est
964 3486 1033 3532 curn
1058 3468 1179 3534 Weisio
1203 3471 1275 3536 bae·

121 3563 247 3628 chineus
270 3564 480 3638 statuendus).
525 3584 552 3630 v.
577 3571 635 3631 te:
660 3569 769 3628 Patrue
792 3568 850 3640 mi,
873 3570 916 3628 ita
938 3585 985 3628 ma
1009 3569 1038 3628 di
1061 3570 1215 3643 amabunt,
1244 3574 1277 3628 ut

123 3681 187 3739 ego,
210 3663 238 3723 si
259 3663 316 3723 sim
339 3665 487 3739 luppiter,
515 3667 577 3724 lam
608 3666 711 3726 hercle
741 3666 830 3726 illanc
861 3684 981 3727 uxorem
1005 3665 1111 3726 dacum
1133 3676 1163 3726 et
1186 3668 1275 3726 luno·

122 3777 188 3820 uem
213 3759 376 3820 extrudam
410 3760 492 3822 toras
526 3760 583 3835 (sic
610 3758 703 3824 Both.
736 3759 829 3840 Vulg.
859 3763 922 3822 Iam
954 3763 1054 3822 hercle
1085 3780 1141 3838 ego
1168 3761 1274 3834 illam).

124 3874 150 3920 v.
174 3860 234 3920 at:
261 3859 315 3918 Vix
339 3859 394 3920 hoc
416 3858 573 3919 uideamur
594 3861 729 3921 credero.
776 3863 803 3936 5,
828 3860 860 3920 9:
892 3859 950 3919 Sed
979 3875 1044 3919 mea
1072 3859 1167 3920 amica
1198 3877 1274 3919 nune

121 3955 191 4013 mihi
214 3956 292 4015 irato
315 3955 429 4016 obviam
448 3958 545 4016 veniat
563 3956 657 4020 uelim.
685 3956 774 4020 Pers
788 3954 815 4034 I,
834 3960 860 4035 l,
883 3961 941 4018 45:
964 3958 1113 4032 Quaeram
1129 3956 1274 4031 equidem,

121 4051 234 4125 siquis
257 4051 365 4112 eredat.
412 4049 477 4124 ΙΙΙ,
505 4055 613 4128 1,2e:
643 4056 740 4114 Etiam
772 4063 833 4114 tum
857 4055 940 4121 vivii,
970 4069 1057 4126 qaam
1085 4069 1150 4112 esse
1173 4051 1276 4112 medas

123 4156 276 4209 mortuam.
322 4165 351 4208 v.
375 4150 416 4208 46
433 4165 492 4226 sq.:
527 4152 580 4222 At,
609 4167 674 4210 meo
695 4151 722 4211 si
744 4151 831 4212 liceat
859 4151 961 4224 modo,
994 4151 1152 4224 Sapienter
1176 4148 1275 4220 potius
