3048 4770
544 201 733 244 connocsrro
748 203 915 244 vnnsonnn.
1259 213 1322 276 219

164 393 229 453 tur.
269 387 340 452 Huc
374 388 536 467 pertinent
559 390 631 456 Ter.
655 391 714 456 Ac.
738 391 780 470 II,
804 397 831 471 1,
854 397 911 457 40:
937 412 1003 454 nam
1026 411 1080 470 ego
1103 394 1221 458 liberali
1242 398 1325 457 illam

163 491 271 550 cdsero
305 503 397 548 caasa
419 505 517 567 manu,
535 488 579 553 ad
602 505 632 568 q.
656 488 676 554 l.
700 491 860 555 Donatus:
885 488 991 569 ,orno
1016 495 1080 554 est:
1110 507 1170 570 ego
1199 489 1325 557 liberali

164 601 280 650 caussa
301 600 399 648 mann
421 585 562 650 assero.“
605 587 726 652 Eadem
752 592 803 651 est
825 586 992 656 collocatio
1022 586 1127 652 Plaut.
1158 585 1255 652 Poen.
1284 587 1324 668 V,

164 689 194 763 2,
217 687 254 746 4:
276 685 338 744 Eas
362 683 481 744 eiecti
502 687 708 766 iamsdseres
730 703 824 748 causo
852 705 950 757 manu,
978 686 1035 751 sed
1061 683 1117 763 IV,
1142 689 1171 764 2,
1194 690 1235 749 84
1259 689 1322 749 est:

164 799 252 842 mann
275 798 326 842 eas
350 783 480 860 adserat,
505 785 579 844 Snss
601 787 764 859 populeris,
788 785 905 846 liberali
927 803 1027 846 causo.
1074 783 1165 848 Adde
1194 782 1322 848 Terent.

162 877 245 942 Eun.
268 877 327 949 ΙΙΙ,
352 883 380 957 2,
405 883 463 943 26:
485 882 578 942 Thsls
600 897 741 944 mosomo
764 889 794 943 te
818 886 924 945 orobat
946 899 1041 957 opere,
1065 891 1098 943 nt
1114 901 1180 944 cras
1197 884 1322 945 redires.

161 976 323 1040 Aduerbio
349 973 416 1040 iere
444 981 518 1041 onie
544 978 678 1042 verbum
708 983 869 1059 ponuntur
896 977 1007 1059 (Rasp.
1039 997 1068 1060 p.
1098 983 1160 1052 38),
1187 971 1223 1042 ut
1249 977 1322 1042 Ter.

158 1074 257 1138 Andr.
282 1071 335 1152 lv,
360 1079 389 1150 2,
413 1079 466 1140 31:
490 1077 567 1136 Dum
591 1093 674 1153 exeo,
691 1095 862 1152 parumper
877 1082 1016 1154 opperire
1033 1080 1090 1138 hic.
1122 1075 1321 1142 Vocabulum

158 1177 301 1236 qcomqm
331 1176 555 1240 nonnunquam
583 1178 642 1240 per
669 1161 785 1226 imesin
814 1163 1045 1242 a‘pronomine
1073 1162 1218 1241 relativo,
1248 1179 1319 1226 cum

158 1276 222 1340 quo
246 1261 296 1321 est
323 1257 542 1337 compositum,
565 1258 736 1339 dirimitur,
760 1266 796 1324 ut
818 1259 889 1325 Ter.
920 1261 1017 1324 Andr.
1046 1255 1071 1338 1,
1103 1266 1129 1331 1,
1161 1264 1218 1324 36:
1247 1262 1321 1321 (ium

158 1359 266 1434 quibem
290 1364 357 1417 erat
377 1373 528 1430 quomque.
577 1365 605 1436 5,
628 1361 683 1422 28:
708 1361 792 1435 Qaac
814 1378 879 1420 mec
895 1377 1038 1433 pomoque
1053 1362 1150 1420 animo
1168 1359 1322 1420 lobitnmst

158 1457 269 1521 iacere.
314 1452 546 1518 Attribuiivnm
569 1454 596 1517 si
618 1457 745 1521 constat
766 1473 806 1520 cx
827 1473 937 1536 praep.
962 1474 1032 1520 cunr
1057 1455 1169 1530 subst,
1189 1459 1320 1535 postpo-

157 1553 247 1616 nitur
275 1550 467 1623 (Weissenb.
495 1556 579 1626 synt.
608 1569 637 1631 p.
661 1556 746 1629 408),
771 1552 816 1617 sic
842 1552 947 1617 Plani.
977 1552 1068 1634 Oapt.
1097 1551 1157 1631 ΙΙΙ,
1197 1557 1225 1630 2,
1265 1557 1319 1618 10:

158 1654 360 1712 Philocratem
383 1667 420 1711 cx
444 1651 540 1713 Alide.
586 1649 846 1730 Praepositiones
869 1667 966 1730 saepe
992 1656 1242 1731 postponuntur,
1273 1652 1319 1717 sic

159 1751 197 1811 ab
231 1747 318 1812 Asin.
348 1746 374 1823 1,
413 1752 443 1824 Ι,
468 1753 543 1811 105:
567 1751 636 1809 Non
659 1768 724 1810 esse
753 1768 856 1811 servos
882 1753 968 1825 peior
995 1751 1052 1811 hoc
1081 1754 1236 1826 quisquam
1265 1769 1320 1826 po·

158 1855 221 1908 test
249 1848 313 1908 Nec
342 1847 435 1922 magis
462 1855 600 1908 vorsutus
631 1865 687 1908 nec
717 1865 774 1920 pcc
805 1850 842 1908 ab
870 1866 977 1908 caveas
1007 1852 1133 1924 aegrius.
1166 1847 1218 1908 Ao
1245 1846 1318 1911 Ter.

156 1943 285 2008 Phorm.
309 1941 367 2020 ΙΙΙ,
392 1947 420 2021 2,
446 1947 485 2007 38
509 1962 571 2022 sq.:
596 1947 668 2020 dies,
692 1947 788 2022 Quom
803 1946 851 2008 cd.
875 1943 1188 2024 eracliensem,
1208 1950 1261 2010 15;
1285 1965 1317 2008 se

157 2061 239 2119 ergo.
254 2041 296 2118 ΙΙ,
315 2049 342 2112 a,
363 2047 417 2105 14:
434 2045 556 2102 Animus
570 2046 597 2102 ic
608 2060 689 2116 erpo.
710 2043 802 2104 Penes
813 2040 917 2106 Pleni.
930 2041 1043 2121 Amph.
1056 2040 1099 2121 ΙΙ,
1114 2047 1142 2120 2,
1156 2046 1192 2106 21
1207 2066 1213 2105 :
1231 2063 1318 2120 quem

155 2159 259 2218 penes.
283 2141 410 2215 Propter
432 2139 473 2202 ib.
489 2135 544 2216 IV,
564 2142 591 2216 Ι,
608 2141 643 2202 8;
659 2157 744 2214 ocem
753 2145 879 2214 propter
895 2159 1003 2216 corpus
1019 2161 1102 2201 suurn
1127 2145 1224 2218 stupri
1247 2161 1318 2204 con-

155 2242 295 2316 pleverit.
321 2239 380 2299 Per
395 2238 426 2300 in
441 2236 709 2300 obtestationibus
726 2235 912 2316 plerumque
928 2254 947 2300 a
963 2254 1038 2300 casu
1055 2255 1112 2301 suo
1137 2244 1316 2316 separatur.

151 2335 210 2402 sic
225 2334 339 2400 Bacch.
352 2335 407 2413 IV,
424 2340 453 2410 8,
468 2340 524 2399 64:
542 2337 606 2396 sine
619 2353 675 2409 ms,
690 2353 748 2409 per
765 2344 803 2409 te,
827 2353 876 2396 ere
895 2353 1021 2411 opsecro
1037 2337 1119 2398 Deos
1142 2337 1319 2407 inmortalis,

156 2438 200 2495 ire
217 2437 275 2496 huc
290 2438 370 2496 intro
387 2435 425 2495 ad
440 2436 541 2496 filium.
565 2431 648 2496 Men.
664 2430 702 2511 V,
716 2438 743 2510 7,
766 2437 797 2496 l:
814 2433 872 2494 Per
884 2454 939 2511 ego
950 2436 1033 2495 vobis
1045 2434 1113 2494 deos
1125 2441 1213 2509 atquo
1226 2435 1318 2494 oemi-

156 2549 209 2592 nes
224 2534 300 2596 dico.
321 2530 402 2596 Rud.
424 2528 485 2606 ΙΙΙ,
508 2535 536 2606 2,
563 2537 613 2594 13;
637 2531 695 2592 Per
717 2549 772 2607 ego
792 2533 981 2608 inocente
1002 2539 1031 2592 te
1055 2539 1199 2608 optestor,
1217 2548 1318 2594 senex.

154 2627 237 2693 Vide
253 2629 349 2694 etiam
365 2630 425 2694 vol.
444 2629 468 2709 Ι,
481 2647 510 2708 p.
528 2632 599 2692 248.
623 2628 794 2693 Diversum
807 2633 856 2694 est
869 2647 924 2704 per
938 2627 1135 2708 adverbium,
1151 2629 1237 2708 qnod
1258 2645 1317 2708 pro

152 2729 242 2790 vaide
264 2728 403 2808 ponitur,
420 2719 613 2806 diremptum
636 2726 676 2818 ab
691 2733 738 2790 'eo
760 2725 926 2807 vocabulo,
949 2728 999 2792 cui
1015 2727 1078 2791 vim
1095 2727 1194 2806 addit,
1225 2742 1320 2806 quarn

154 2825 252 2906 vulgo
276 2827 392 2890 sinesin
414 2831 537 2891 vocent.
562 2823 665 2890 Plani.
686 2823 755 2889 ilas.
776 2824 819 2904 ΙΙ,
836 2828 865 2902 6,
885 2828 936 2889 te:
960 2826 1018 2885 Per
1032 2830 1183 2902 polsacpe
1197 2843 1321 2901 peccas.

156 2923 285 2988 Terent.
309 2925 406 2988 Andr.
429 2923 488 3000 ΙΙΙ,
513 2927 542 3002 2,
567 2929 600 2984 6:
623 2925 681 2984 Pcr
704 2934 823 2986 ecastor
845 2924 936 2984 scitos
959 2942 1043 2998 puer.
1089 2921 1166 2988 Hec.
1190 2921 1317 3000 1,1‚1:

154 3024 216 3082 Pcr
237 3028 287 3098 pol
312 3043 397 3100 qnam
416 3040 536 3098 pancos
558 3024 695 3096 reperias
718 3022 926 3082 meretricibus
950 3023 1063 3082 Fidelis
1087 3024 1208 3082 evenire
1238 3039 1319 3081 ama-

156 3127 252 3182 tores.
306 3120 424 3184 Extant
454 3136 529 3183 vero
559 3119 655 3182 etiam
690 3117 915 3184 collocationes
942 3118 1114 3182 verborum
1139 3117 1317 3181 sollemnes.

156 3216 211 3282 Sic
233 3220 346 3294 dicitas
362 3221 465 3294 police
488 3216 567 3282 Gaio
591 3213 677 3281 R.R.
701 3234 726 3284 c.
755 3220 802 3281 le.
827 3219 876 3278 20.
905 3249 942 3258 —
976 3214 1081 3279 Pleni.
1110 3213 1225 3294 Amph.
1258 3211 1319 3292 ΙΙΙ,

155 3322 187 3386 4,
217 3321 272 3379 iii:
301 3319 485 3379 adsimulabo
506 3335 553 3376 me
592 3333 654 3378 csse
676 3318 800 3391 ebrium,
830 3313 870 3378 ad
897 3330 927 3392 q.
949 3313 973 3376 l.
1002 3312 1161 3378 Lindem:
1214 3310 1320 3392 „mne

156 3413 312 3479 Bothius:
336 3435 397 3478 csse
419 3434 472 3476 me.
494 3414 673 3480 Pronomen
689 3410 947 3497 praeponendum
971 3416 1042 3476 erat
1064 3429 1103 3476 ex
1126 3409 1231 3475 Latini
1252 3428 1321 3474 ser-

156 3513 261 3580 monis
283 3513 543 3578 consuetndine.“
588 3512 637 3577 De
658 3514 737 3572 idem
752 3508 920 3575 coniuncto
936 3527 1008 3574 cum
1023 3526 1114 3590 pron.
1131 3509 1318 3587 demonstr,

155 3612 198 3676 de
220 3614 365 3680 ideme-
385 3615 471 3686 latare,
494 3613 572 3672 idem
594 3629 654 3685 opo,
677 3611 756 3670 idem
779 3613 811 3670 tc
832 3607 903 3672 vide
926 3607 986 3672 vol.
1017 3607 1042 3687 I,
1074 3625 1105 3687 p.
1134 3609 1206 3670 367.
1252 3605 1316 3669 Im·

159 3710 326 3790 perativus
355 3712 367 3769 i
393 3709 424 3774 in
455 3708 614 3772 nonnullis
645 3706 789 3772 formulis
818 3705 973 3786 praeponi
1006 3704 1095 3771 solet.
1146 3704 1197 3770 Sic
1228 3702 1318 3783 Capi.

157 3807 218 3878 ΙΙΙ,
240 3814 271 3885 4,
298 3812 372 3871 103:
397 3811 474 3883 Quin
499 3808 650 3884 quiescis?
674 3806 708 3881 [c]
727 3808 901 3881 dierectum,
924 3824 976 3868 cor
998 3823 1094 3866 meum
1119 3823 1153 3865 ac
1170 3803 1319 3879 suspende

158 3917 199 3985 te,
223 3907 263 3971 de
285 3923 348 3985 qno
371 3906 440 3970 loco
464 3905 541 3970 dicit
563 3903 694 3968 Roscius
717 3922 746 3984 p.
773 3908 848 3966 123:
872 3901 987 3983 „Boin
1017 3908 1052 3967 et
1074 3901 1164 3966 Lino.
1191 3936 1234 3946 —
1261 3901 1322 3965 irn-

159 4004 340 4085 peraticum
363 4006 384 4073 i,
407 4004 438 4068 in
469 4003 632 4068 codicibus
662 4007 695 4066 et
722 4002 813 4066 libris
837 4000 1005 4082 impressis
1035 3999 1087 4064 vel
1117 3997 1319 4064 deficientem

158 4100 211 4166 vel
236 4107 309 4182 post
331 4121 382 4165 cor
403 4121 500 4166 measa
521 4101 720 4176 collocatum,
743 4103 832 4166 recte
855 4103 1032 4182 posuerunt
1054 4102 1128 4162 ante
1148 4099 1318 4158 mentum.

158 4198 308 4265 Solemne
331 4201 414 4265 enim
438 4201 554 4266 Plauto
577 4204 637 4277 est,
660 4197 693 4262 in
715 4198 773 4262 hac
797 4198 956 4264 locutione
979 4196 1202 4275 imperativum
1227 4209 1322 4273 prae·
