<?xml version="1.0" encoding="UTF-8"?>
<!DOCTYPE html PUBLIC "-//W3C//DTD XHTML 1.0 Transitional//EN"
    "http://www.w3.org/TR/xhtml1/DTD/xhtml1-transitional.dtd">
<html xmlns="http://www.w3.org/1999/xhtml" xml:lang="en" lang="en">
 <head>
  <title>
</title>
<meta http-equiv="Content-Type" content="text/html;charset=utf-8" />
  <meta name='ocr-system' content='tesseract 3.04.00' />
  <meta name='ocr-capabilities' content='ocr_page ocr_carea ocr_par ocr_line ocrx_word'/>
</head>
<body>
  <div class='ocr_page' id='page_1' title='image "./syntaxispriscor02holtgoog_0076.png"; bbox 0 0 3090 4768; ppageno 0'>
   <div class='ocr_carea' id='block_1_1' title="bbox 490 169 1297 235">
    <p class='ocr_par' dir='ltr' id='par_1_1' title="bbox 490 169 1297 235">
     <span class='ocr_line' id='line_1_1' title="bbox 490 169 1297 235; baseline 0.002 -25"><span class='ocrx_word' id='word_1_1' title='bbox 490 171 530 212; x_wconf 80' lang='lat' dir='ltr'><strong>DE</strong></span> <span class='ocrx_word' id='word_1_2' title='bbox 545 171 696 212; x_wconf 72' lang='lat' dir='ltr'>GERUNDIO</span> <span class='ocrx_word' id='word_1_3' title='bbox 710 169 749 211; x_wconf 70' lang='lat' dir='ltr'><strong>ET</strong></span> <span class='ocrx_word' id='word_1_4' title='bbox 764 169 943 212; x_wconf 69' lang='lat' dir='ltr'><strong>depenowe.</strong></span> <span class='ocrx_word' id='word_1_5' title='bbox 1257 177 1297 235; x_wconf 77' lang='lat'><strong>57</strong></span> 
     </span>
    </p>
   </div>
   <div class='ocr_carea' id='block_1_2' title="bbox 28 355 1299 540">
    <p class='ocr_par' dir='ltr' id='par_1_2' title="bbox 28 355 1299 552">
     <span class='ocr_line' id='line_1_2' title="bbox 28 355 1299 441; baseline -0.004 -13"><span class='ocrx_word' id='word_1_6' title='bbox 28 364 29 428; x_wconf 78' lang='lat'>3</span> <span class='ocrx_word' id='word_1_7' title='bbox 143 375 184 426; x_wconf 77' lang='lat' dir='ltr'><strong>ea</strong></span> <span class='ocrx_word' id='word_1_8' title='bbox 205 359 313 439; x_wconf 86' lang='lat' dir='ltr'><strong>verbu,</strong></span> <span class='ocrx_word' id='word_1_9' title='bbox 336 370 418 440; x_wconf 82' lang='lat' dir='ltr'><strong>quue</strong></span> <span class='ocrx_word' id='word_1_10' title='bbox 440 357 696 426; x_wconf 76' lang='lat' dir='ltr'><strong>nuliurnnubent</strong></span> <span class='ocrx_word' id='word_1_11' title='bbox 711 360 834 426; x_wconf 81' lang='lat' dir='ltr'><strong>consilii</strong></span> <span class='ocrx_word' id='word_1_12' title='bbox 850 355 1121 441; x_wconf 78' lang='lat' dir='ltr'><strong>significationem,</strong></span> <span class='ocrx_word' id='word_1_13' title='bbox 1145 355 1198 422; x_wconf 85' lang='lat' dir='ltr'><strong>nbi</strong></span> <span class='ocrx_word' id='word_1_14' title='bbox 1219 357 1299 423; x_wconf 82' lang='lat' dir='ltr'><strong>haue</strong></span> 
     </span>
     <span class='ocr_line' id='line_1_3' title="bbox 147 455 1299 540; baseline -0.003 -16.375"><span class='ocrx_word' id='word_1_15' title='bbox 147 457 236 524; x_wconf 81' lang='lat' dir='ltr'><strong>notin</strong></span> <span class='ocrx_word' id='word_1_16' title='bbox 264 458 298 523; x_wconf 91' lang='lat' dir='ltr'><strong>in</strong></span> <span class='ocrx_word' id='word_1_17' title='bbox 328 458 396 540; x_wconf 83' lang='lat' dir='ltr'><strong>ipsu</strong></span> <span class='ocrx_word' id='word_1_18' title='bbox 417 457 595 540; x_wconf 70' lang='lat' dir='ltr'><strong>&#39;gerundivo</strong></span> <span class='ocrx_word' id='word_1_19' title='bbox 623 459 707 524; x_wconf 87' lang='lat' dir='ltr'><strong>inest</strong></span> <span class='ocrx_word' id='word_1_20' title='bbox 738 457 1148 540; x_wconf 72' lang='lat' dir='ltr'><strong>(ei.Weissenb.p.127).</strong></span> <span class='ocrx_word' id='word_1_21' title='bbox 1194 455 1243 520; x_wconf 81' lang='lat' dir='ltr'><strong>nd</strong></span> <span class='ocrx_word' id='word_1_22' title='bbox 1263 456 1299 521; x_wconf 92' lang='lat' dir='ltr'><strong>id</strong></span> 
     </span>
    </p>
   </div>
   <div class='ocr_carea' id='block_1_3' title="bbox 143 551 1295 638">
    <p class='ocr_par' dir='ltr' id='par_1_3' title="bbox 143 551 1295 638">
     <span class='ocr_line' id='line_1_4' title="bbox 143 551 1295 638; baseline -0.002 -18"><span class='ocrx_word' id='word_1_23' title='bbox 143 570 259 638; x_wconf 81' lang='lat' dir='ltr'><strong>genus,</strong></span> <span class='ocrx_word' id='word_1_24' title='bbox 281 555 376 637; x_wconf 75' lang='lat' dir='ltr'><strong>eund</strong></span> <span class='ocrx_word' id='word_1_25' title='bbox 404 557 543 622; x_wconf 74' lang='lat' dir='ltr'><strong>eenrnno</strong></span> <span class='ocrx_word' id='word_1_26' title='bbox 565 557 635 622; x_wconf 78' lang='lat' dir='ltr'><strong>ioue</strong></span> <span class='ocrx_word' id='word_1_27' title='bbox 657 558 831 638; x_wconf 77' lang='lat' dir='ltr'><strong>posuimus,</strong></span> <span class='ocrx_word' id='word_1_28' title='bbox 853 555 999 636; x_wconf 80' lang='lat' dir='ltr'><strong>inprimis</strong></span> <span class='ocrx_word' id='word_1_29' title='bbox 1030 558 1176 634; x_wconf 75' lang='lat' dir='ltr'><strong>spectent</strong></span> <span class='ocrx_word' id='word_1_30' title='bbox 1198 551 1295 619; x_wconf 82' lang='lat' dir='ltr'><strong>verbu</strong></span> 
     </span>
    </p>
   </div>
   <div class='ocr_carea' id='block_1_4' title="bbox 28 640 1298 734">
    <p class='ocr_par' dir='ltr' id='par_1_4' title="bbox 28 640 1298 734">
     <span class='ocr_line' id='line_1_5' title="bbox 28 640 1298 734; baseline 0 -17"><span class='ocrx_word' id='word_1_31' title='bbox 28 663 29 734; x_wconf 51' lang='grc' dir='ltr'><em>ἦ</em></span> <span class='ocrx_word' id='word_1_32' title='bbox 144 657 262 724; x_wconf 78' lang='lat' dir='ltr'><strong>tatere,</strong></span> <span class='ocrx_word' id='word_1_33' title='bbox 291 657 364 716; x_wconf 80' lang='lat' dir='ltr'><strong>dure</strong></span> <span class='ocrx_word' id='word_1_34' title='bbox 390 659 423 719; x_wconf 87' lang='lat' dir='ltr'><strong>et</strong></span> <span class='ocrx_word' id='word_1_35' title='bbox 441 651 592 721; x_wconf 71' lang='lat' dir='ltr'><strong>iactitivu</strong></span> <span class='ocrx_word' id='word_1_36' title='bbox 617 656 716 721; x_wconf 80' lang='lat' dir='ltr'><strong>huius</strong></span> <span class='ocrx_word' id='word_1_37' title='bbox 743 655 1096 731; x_wconf 63' lang='lat' dir='ltr'><strong>perpendendum.</strong></span> <span class='ocrx_word' id='word_1_38' title='bbox 1142 640 1298 732; x_wconf 76' lang='lat' dir='ltr'><strong>Exempla</strong></span> 
     </span>
    </p>
   </div>
   <div class='ocr_carea' id='block_1_5' title="bbox 145 751 1298 917">
    <p class='ocr_par' dir='ltr' id='par_1_5' title="bbox 145 751 1298 917">
     <span class='ocr_line' id='line_1_6' title="bbox 145 751 1298 834; baseline -0.001 -17"><span class='ocrx_word' id='word_1_39' title='bbox 145 758 219 817; x_wconf 88' lang='lat' dir='ltr'><strong>snut</strong></span> <span class='ocrx_word' id='word_1_40' title='bbox 240 752 328 818; x_wconf 81' lang='lat' dir='ltr'><strong>haee.</strong></span> <span class='ocrx_word' id='word_1_41' title='bbox 352 751 479 817; x_wconf 82' lang='lat' dir='ltr'><strong>Terent.</strong></span> <span class='ocrx_word' id='word_1_42' title='bbox 497 753 628 820; x_wconf 70' lang='lat' dir='ltr'><strong>³Phernr.</strong></span> <span class='ocrx_word' id='word_1_43' title='bbox 651 754 694 834; x_wconf 83' lang='lat' dir='ltr'><strong>il,</strong></span> <span class='ocrx_word' id='word_1_44' title='bbox 712 753 813 834; x_wconf 67' lang='lat' dir='ltr'><strong>nit:</strong></span> <span class='ocrx_word' id='word_1_45' title='bbox 835 755 878 818; x_wconf 86' lang='lat' dir='ltr'><strong>ibi</strong></span> <span class='ocrx_word' id='word_1_46' title='bbox 901 767 1009 830; x_wconf 77' lang='lat' dir='ltr'><strong>aprum</strong></span> <span class='ocrx_word' id='word_1_47' title='bbox 1031 753 1068 815; x_wconf 85' lang='lat' dir='ltr'><strong>de</strong></span> <span class='ocrx_word' id='word_1_48' title='bbox 1091 759 1298 830; x_wconf 76' lang='lat' dir='ltr'><strong>neutroputre</strong></span> 
     </span>
     <span class='ocr_line' id='line_1_7' title="bbox 146 845 1298 917; baseline -0.001 -3"><span class='ocrx_word' id='word_1_49' title='bbox 146 851 303 914; x_wconf 72' lang='lat' dir='ltr'><strong>denudum</strong></span> <span class='ocrx_word' id='word_1_50' title='bbox 337 851 469 914; x_wconf 76' lang='lat' dir='ltr'><strong>tutetur.</strong></span> <span class='ocrx_word' id='word_1_51' title='bbox 515 852 609 917; x_wconf 82' lang='lat' dir='ltr'><strong>Ennii</strong></span> <span class='ocrx_word' id='word_1_52' title='bbox 638 845 817 917; x_wconf 70' lang='lat' dir='ltr'><strong>Telamonis</strong></span> <span class='ocrx_word' id='word_1_53' title='bbox 848 849 886 915; x_wconf 79' lang='lat' dir='ltr'><strong>fr.</strong></span> <span class='ocrx_word' id='word_1_54' title='bbox 910 857 944 916; x_wconf 83' lang='lat'><strong>4:</strong></span> <span class='ocrx_word' id='word_1_55' title='bbox 982 853 1067 913; x_wconf 73' lang='lat' dir='ltr'><strong>eunde</strong></span> <span class='ocrx_word' id='word_1_56' title='bbox 1103 853 1157 913; x_wconf 85' lang='lat' dir='ltr'><strong>tibi</strong></span> <span class='ocrx_word' id='word_1_57' title='bbox 1191 860 1298 914; x_wconf 81' lang='lat' dir='ltr'><strong>contre</strong></span> 
     </span>
    </p>
   </div>
   <div class='ocr_carea' id='block_1_6' title="bbox 28 942 1298 1230">
    <p class='ocr_par' dir='ltr' id='par_1_6' title="bbox 28 942 1298 1230">
     <span class='ocr_line' id='line_1_8' title="bbox 28 942 1297 1046; baseline 0 -34"><span class='ocrx_word' id='word_1_58' title='bbox 28 961 30 1046; x_wconf 16' lang='grc' dir='ltr'>ὲ</span> <span class='ocrx_word' id='word_1_59' title='bbox 139 949 265 1012; x_wconf 66' lang='lat' dir='ltr'><strong>utendus</strong></span> <span class='ocrx_word' id='word_1_60' title='bbox 291 951 377 1010; x_wconf 82' lang='lat' dir='ltr'><strong>dubo.</strong></span> <span class='ocrx_word' id='word_1_61' title='bbox 421 949 619 1014; x_wconf 78' lang='lat' dir='ltr'><strong>Euhemerus</strong></span> <span class='ocrx_word' id='word_1_62' title='bbox 646 949 684 1014; x_wconf 72' lang='lat' dir='ltr'><strong>ir.</strong></span> <span class='ocrx_word' id='word_1_63' title='bbox 706 955 738 1029; x_wconf 76' lang='lat' dir='ltr'><strong>d,</strong></span> <span class='ocrx_word' id='word_1_64' title='bbox 770 942 824 1014; x_wconf 64' lang='lat' dir='ltr'><strong>llnss</strong></span> <span class='ocrx_word' id='word_1_65' title='bbox 852 944 905 1012; x_wconf 74' lang='lat'><strong>&#39;162</strong></span> <span class='ocrx_word' id='word_1_66' title='bbox 941 951 1072 1027; x_wconf 84' lang='lat' dir='ltr'><strong>duutque</strong></span> <span class='ocrx_word' id='word_1_67' title='bbox 1095 969 1162 1011; x_wconf 81' lang='lat' dir='ltr'><strong>eum</strong></span> <span class='ocrx_word' id='word_1_68' title='bbox 1186 953 1297 1013; x_wconf 83' lang='lat' dir='ltr'><strong>Vestue</strong></span> 
     </span>
     <span class='ocr_line' id='line_1_9' title="bbox 28 1045 1298 1129; baseline 0.004 -23"><span class='ocrx_word' id='word_1_69' title='bbox 28 1117 29 1126; x_wconf 15' lang='lat'>¹</span> <span class='ocrx_word' id='word_1_70' title='bbox 142 1047 334 1109; x_wconf 71' lang='lat' dir='ltr'><strong>educendum.</strong></span> <span class='ocrx_word' id='word_1_71' title='bbox 393 1047 496 1113; x_wconf 85' lang='lat' dir='ltr'><strong>Pluut.</strong></span> <span class='ocrx_word' id='word_1_72' title='bbox 522 1047 594 1113; x_wconf 83' lang='lat' dir='ltr'><strong>Aul.</strong></span> <span class='ocrx_word' id='word_1_73' title='bbox 615 1045 662 1124; x_wconf 80' lang='grc' dir='ltr'><strong>ΙΙ,</strong></span> <span class='ocrx_word' id='word_1_74' title='bbox 687 1055 716 1127; x_wconf 89' lang='grc'><strong>2,</strong></span> <span class='ocrx_word' id='word_1_75' title='bbox 741 1049 780 1112; x_wconf 78' lang='lat' dir='ltr'><strong>te</strong></span> <span class='ocrx_word' id='word_1_76' title='bbox 804 1063 864 1129; x_wconf 81' lang='lat' dir='ltr'><strong>eq.:</strong></span> <span class='ocrx_word' id='word_1_77' title='bbox 900 1049 934 1109; x_wconf 81' lang='lat' dir='ltr'><strong>Si</strong></span> <span class='ocrx_word' id='word_1_78' title='bbox 965 1049 1066 1109; x_wconf 76' lang='lat' dir='ltr'><strong>hercle</strong></span> <span class='ocrx_word' id='word_1_79' title='bbox 1094 1065 1149 1124; x_wconf 77' lang='lat' dir='ltr'><strong>ego</strong></span> <span class='ocrx_word' id='word_1_80' title='bbox 1177 1057 1207 1110; x_wconf 87' lang='lat' dir='ltr'><strong>te</strong></span> <span class='ocrx_word' id='word_1_81' title='bbox 1238 1068 1298 1111; x_wconf 91' lang='lat' dir='ltr'><strong>non</strong></span> 
     </span>
     <span class='ocr_line' id='line_1_10' title="bbox 28 1147 1296 1230; baseline 0.006 -25"><span class='ocrx_word' id='word_1_82' title='bbox 28 1147 30 1168; x_wconf 63' lang='lat'>³</span> <span class='ocrx_word' id='word_1_83' title='bbox 143 1147 355 1220; x_wconf 76' lang='lat' dir='ltr'><strong>edupuaudum</strong></span> <span class='ocrx_word' id='word_1_84' title='bbox 382 1148 487 1210; x_wconf 79' lang='lat' dir='ltr'><strong>dedero</strong></span> <span class='ocrx_word' id='word_1_85' title='bbox 515 1165 608 1224; x_wconf 85' lang='lat' dir='ltr'><strong>usque</strong></span> <span class='ocrx_word' id='word_1_86' title='bbox 637 1151 673 1208; x_wconf 83' lang='lat' dir='ltr'><strong>eb</strong></span> <span class='ocrx_word' id='word_1_87' title='bbox 697 1147 856 1222; x_wconf 76' lang='lat' dir='ltr'><strong>radicibuS,</strong></span> <span class='ocrx_word' id='word_1_88' title='bbox 888 1156 992 1208; x_wconf 80' lang='lat' dir='ltr'><strong>auctor</strong></span> <span class='ocrx_word' id='word_1_89' title='bbox 1022 1166 1086 1210; x_wconf 83' lang='lat' dir='ltr'><strong>sum</strong></span> <span class='ocrx_word' id='word_1_90' title='bbox 1108 1151 1296 1230; x_wconf 79' lang='lat' dir='ltr'><strong>impuroque,</strong></span> 
     </span>
    </p>
   </div>
   <div class='ocr_carea' id='block_1_7' title="bbox 137 1242 1299 2404">
    <p class='ocr_par' dir='ltr' id='par_1_7' title="bbox 137 1242 1299 2404">
     <span class='ocr_line' id='line_1_11' title="bbox 142 1242 1295 1322; baseline 0.006 -20"><span class='ocrx_word' id='word_1_91' title='bbox 142 1251 174 1302; x_wconf 85' lang='lat' dir='ltr'><strong>ut</strong></span> <span class='ocrx_word' id='word_1_92' title='bbox 188 1254 229 1303; x_wconf 70' lang='lat' dir='ltr'><strong>‘tu</strong></span> <span class='ocrx_word' id='word_1_93' title='bbox 252 1260 298 1304; x_wconf 85' lang='lat' dir='ltr'><strong>me</strong></span> <span class='ocrx_word' id='word_1_94' title='bbox 322 1246 414 1306; x_wconf 80' lang='lat' dir='ltr'><strong>euiri&#39;s</strong></span> <span class='ocrx_word' id='word_1_95' title='bbox 438 1247 627 1307; x_wconf 68' lang='lat' dir='ltr'><strong>cuneandum</strong></span> <span class='ocrx_word' id='word_1_96' title='bbox 651 1248 731 1307; x_wconf 78' lang='lat' dir='ltr'><strong>leues.</strong></span> <span class='ocrx_word' id='word_1_97' title='bbox 769 1242 890 1308; x_wconf 79' lang='lat' dir='ltr'><strong>¹Buedh.</strong></span> <span class='ocrx_word' id='word_1_98' title='bbox 915 1247 944 1307; x_wconf 70' lang='lat' dir='ltr'><strong>V.</strong></span> <span class='ocrx_word' id='word_1_99' title='bbox 959 1247 1043 1309; x_wconf 64' lang='lat'><em>¹3³8:</em></span> <span class='ocrx_word' id='word_1_100' title='bbox 1072 1247 1152 1306; x_wconf 75' lang='lat' dir='ltr'><strong>ittue</strong></span> <span class='ocrx_word' id='word_1_101' title='bbox 1167 1251 1295 1322; x_wconf 63' lang='lat' dir='ltr'><strong>‘sepien-</strong></span> 
     </span>
     <span class='ocr_line' id='line_1_12' title="bbox 141 1339 1299 1419; baseline 0.009 -20"><span class='ocrx_word' id='word_1_102' title='bbox 141 1345 190 1400; x_wconf 87' lang='lat' dir='ltr'><strong>ter</strong></span> <span class='ocrx_word' id='word_1_103' title='bbox 221 1343 327 1404; x_wconf 77' lang='lat' dir='ltr'><strong>saltem</strong></span> <span class='ocrx_word' id='word_1_104' title='bbox 357 1343 431 1404; x_wconf 82' lang='lat' dir='ltr'><strong>feeit</strong></span> <span class='ocrx_word' id='word_1_105' title='bbox 451 1345 546 1419; x_wconf 78' lang='lat' dir='ltr'><strong>fliius,</strong></span> <span class='ocrx_word' id='word_1_106' title='bbox 579 1346 672 1418; x_wconf 76' lang='lat' dir='ltr'><strong>Quom</strong></span> <span class='ocrx_word' id='word_1_107' title='bbox 695 1343 779 1406; x_wconf 84' lang='lat' dir='ltr'><strong>diviti</strong></span> <span class='ocrx_word' id='word_1_108' title='bbox 793 1339 912 1404; x_wconf 85' lang='lat' dir='ltr'><strong>&#39;homini</strong></span> <span class='ocrx_word' id='word_1_109' title='bbox 935 1343 968 1403; x_wconf 80' lang='lat' dir='ltr'><strong>tu</strong></span> <span class='ocrx_word' id='word_1_110' title='bbox 988 1360 1097 1405; x_wconf 83' lang='lat' dir='ltr'><strong>nurum</strong></span> <span class='ocrx_word' id='word_1_111' title='bbox 1119 1349 1299 1409; x_wconf 78' lang='lat' dir='ltr'><strong>seruandum</strong></span> 
     </span>
     <span class='ocr_line' id='line_1_13' title="bbox 139 1438 1295 1526; baseline 0.01 -28"><span class='ocrx_word' id='word_1_112' title='bbox 139 1440 228 1500; x_wconf 78' lang='lat' dir='ltr'><strong>dudit.</strong></span> <span class='ocrx_word' id='word_1_113' title='bbox 258 1438 318 1517; x_wconf 89' lang='grc' dir='ltr'>ΙΙΙ,</span> <span class='ocrx_word' id='word_1_114' title='bbox 338 1443 364 1517; x_wconf 90' lang='lat' dir='ltr'><strong>l,</strong></span> <span class='ocrx_word' id='word_1_115' title='bbox 385 1444 437 1503; x_wconf 88' lang='lat'><strong>10:</strong></span> <span class='ocrx_word' id='word_1_116' title='bbox 461 1443 578 1516; x_wconf 74' lang='lat' dir='ltr'><strong>Rogare</strong></span> <span class='ocrx_word' id='word_1_117' title='bbox 602 1446 698 1503; x_wconf 81' lang='lat' dir='ltr'><strong>scelus</strong></span> <span class='ocrx_word' id='word_1_118' title='bbox 721 1450 755 1502; x_wconf 87' lang='lat' dir='ltr'><strong>ut</strong></span> <span class='ocrx_word' id='word_1_119' title='bbox 776 1444 877 1503; x_wconf 76' lang='lat' dir='ltr'><strong>durent</strong></span> <span class='ocrx_word' id='word_1_120' title='bbox 898 1441 1024 1502; x_wconf 71' lang='lat' dir='ltr'><strong>utendus</strong></span> <span class='ocrx_word' id='word_1_121' title='bbox 1047 1443 1110 1504; x_wconf 83' lang='lat' dir='ltr'><strong>sibi.</strong></span> <span class='ocrx_word' id='word_1_122' title='bbox 1137 1439 1223 1507; x_wconf 78' lang='lat' dir='ltr'><strong>Men.</strong></span> <span class='ocrx_word' id='word_1_123' title='bbox 1240 1442 1295 1526; x_wconf 84' lang='lat' dir='ltr'><strong>IV,</strong></span> 
     </span>
     <span class='ocr_line' id='line_1_14' title="bbox 141 1539 1294 1614; baseline 0.007 -14"><span class='ocrx_word' id='word_1_124' title='bbox 141 1540 169 1614; x_wconf 83' lang='lat'><strong>2,</strong></span> <span class='ocrx_word' id='word_1_125' title='bbox 193 1539 251 1600; x_wconf 82' lang='lat'><strong>94:</strong></span> <span class='ocrx_word' id='word_1_126' title='bbox 277 1539 330 1599; x_wconf 83' lang='lat' dir='ltr'><strong>Set</strong></span> <span class='ocrx_word' id='word_1_127' title='bbox 353 1557 407 1614; x_wconf 77' lang='lat' dir='ltr'><strong>ego</strong></span> <span class='ocrx_word' id='word_1_128' title='bbox 429 1541 512 1602; x_wconf 80' lang='lat' dir='ltr'><strong>iilum</strong></span> <span class='ocrx_word' id='word_1_129' title='bbox 529 1556 592 1600; x_wconf 75' lang='lat' dir='ltr'><strong>&#39;nen</strong></span> <span class='ocrx_word' id='word_1_130' title='bbox 615 1543 791 1611; x_wconf 73' lang='lat' dir='ltr'><strong>perdonavi,</strong></span> <span class='ocrx_word' id='word_1_131' title='bbox 815 1549 862 1601; x_wconf 85' lang='lat' dir='ltr'><strong>set</strong></span> <span class='ocrx_word' id='word_1_132' title='bbox 879 1541 921 1600; x_wconf 85' lang='lat' dir='ltr'><strong>sie</strong></span> <span class='ocrx_word' id='word_1_133' title='bbox 937 1539 1081 1600; x_wconf 83' lang='lat' dir='ltr'><strong>utuudum</strong></span> <span class='ocrx_word' id='word_1_134' title='bbox 1097 1541 1172 1605; x_wconf 83' lang='lat' dir='ltr'><strong>dedi.</strong></span> <span class='ocrx_word' id='word_1_135' title='bbox 1197 1541 1294 1608; x_wconf 88' lang='lat' dir='ltr'><strong>Poen.</strong></span> 
     </span>
     <span class='ocr_line' id='line_1_15' title="bbox 139 1631 1296 1713; baseline 0.004 -16"><span class='ocrx_word' id='word_1_136' title='bbox 139 1631 175 1710; x_wconf 84' lang='lat' dir='ltr'><strong>V,</strong></span> <span class='ocrx_word' id='word_1_137' title='bbox 194 1641 223 1713; x_wconf 83' lang='lat'><strong>5,</strong></span> <span class='ocrx_word' id='word_1_138' title='bbox 242 1639 299 1700; x_wconf 82' lang='lat'><strong>23:</strong></span> <span class='ocrx_word' id='word_1_139' title='bbox 322 1639 385 1697; x_wconf 82' lang='lat' dir='ltr'><strong>Iun</strong></span> <span class='ocrx_word' id='word_1_140' title='bbox 410 1640 511 1698; x_wconf 79' lang='lat' dir='ltr'><strong>hercle</strong></span> <span class='ocrx_word' id='word_1_141' title='bbox 529 1655 583 1713; x_wconf 78' lang='lat' dir='ltr'><strong>ego</strong></span> <span class='ocrx_word' id='word_1_142' title='bbox 597 1639 690 1698; x_wconf 79' lang='lat' dir='ltr'><strong>illunc</strong></span> <span class='ocrx_word' id='word_1_143' title='bbox 704 1639 934 1700; x_wconf 70' lang='lat' dir='ltr'><strong>excruciandum</strong></span> <span class='ocrx_word' id='word_1_144' title='bbox 950 1643 1039 1698; x_wconf 85' lang='lat' dir='ltr'><strong>totum</strong></span> <span class='ocrx_word' id='word_1_145' title='bbox 1055 1639 1197 1700; x_wconf 74' lang='lat' dir='ltr'><strong>carnufici</strong></span> <span class='ocrx_word' id='word_1_146' title='bbox 1212 1643 1296 1702; x_wconf 84' lang='lat' dir='ltr'><strong>dubo.</strong></span> 
     </span>
     <span class='ocr_line' id='line_1_16' title="bbox 140 1726 1298 1814; baseline 0.008 -20"><span class='ocrx_word' id='word_1_147' title='bbox 140 1726 268 1797; x_wconf 71' lang='lat' dir='ltr'><strong>terent.</strong></span> <span class='ocrx_word' id='word_1_148' title='bbox 294 1733 428 1814; x_wconf 78' lang='lat' dir='ltr'>Adelph.</span> <span class='ocrx_word' id='word_1_149' title='bbox 452 1727 507 1810; x_wconf 83' lang='lat' dir='ltr'><strong>IV,</strong></span> <span class='ocrx_word' id='word_1_150' title='bbox 533 1739 561 1813; x_wconf 86' lang='lat'><strong>2,</strong></span> <span class='ocrx_word' id='word_1_151' title='bbox 585 1739 642 1798; x_wconf 73' lang='lat'><strong>46:</strong></span> <span class='ocrx_word' id='word_1_152' title='bbox 676 1739 817 1798; x_wconf 78' lang='lat' dir='ltr'>Lectulos</span> <span class='ocrx_word' id='word_1_153' title='bbox 840 1741 869 1796; x_wconf 89' lang='lat' dir='ltr'><strong>in</strong></span> <span class='ocrx_word' id='word_1_154' title='bbox 893 1741 956 1798; x_wconf 86' lang='lat' dir='ltr'><strong>sole</strong></span> <span class='ocrx_word' id='word_1_155' title='bbox 979 1739 1078 1812; x_wconf 83' lang='lat' dir='ltr'><strong>ilignis</strong></span> <span class='ocrx_word' id='word_1_156' title='bbox 1102 1737 1226 1812; x_wconf 81' lang='lat' dir='ltr'><strong>pedibus</strong></span> <span class='ocrx_word' id='word_1_157' title='bbox 1250 1741 1298 1814; x_wconf 75' lang='lat' dir='ltr'><strong>fu-</strong></span> 
     </span>
     <span class='ocr_line' id='line_1_17' title="bbox 137 1829 1299 1912; baseline 0.009 -21"><span class='ocrx_word' id='word_1_158' title='bbox 137 1832 264 1892; x_wconf 72' lang='lat' dir='ltr'><strong>edundos</strong></span> <span class='ocrx_word' id='word_1_159' title='bbox 286 1829 371 1893; x_wconf 76' lang='lat' dir='ltr'><strong>dedit.</strong></span> <span class='ocrx_word' id='word_1_160' title='bbox 417 1831 498 1896; x_wconf 83' lang='lat' dir='ltr'><strong>Eun.</strong></span> <span class='ocrx_word' id='word_1_161' title='bbox 522 1830 559 1912; x_wconf 87' lang='lat' dir='ltr'><strong>V,</strong></span> <span class='ocrx_word' id='word_1_162' title='bbox 583 1835 612 1909; x_wconf 78' lang='grc' dir='ltr'><strong>ὃ,</strong></span> <span class='ocrx_word' id='word_1_163' title='bbox 637 1839 691 1897; x_wconf 80' lang='lat'><strong>57:</strong></span> <span class='ocrx_word' id='word_1_164' title='bbox 723 1835 814 1894; x_wconf 83' lang='lat' dir='ltr'><strong>Hune</strong></span> <span class='ocrx_word' id='word_1_165' title='bbox 841 1835 1046 1895; x_wconf 81' lang='lat' dir='ltr'><strong>comedendum</strong></span> <span class='ocrx_word' id='word_1_166' title='bbox 1074 1841 1104 1896; x_wconf 86' lang='lat' dir='ltr'><strong>et</strong></span> <span class='ocrx_word' id='word_1_167' title='bbox 1127 1839 1299 1901; x_wconf 76' lang='lat' dir='ltr'><strong><em>ebibendum</em></strong></span> 
     </span>
     <span class='ocr_line' id='line_1_18' title="bbox 140 1929 1298 2012; baseline 0.009 -24"><span class='ocrx_word' id='word_1_168' title='bbox 140 1930 224 1989; x_wconf 78' lang='lat' dir='ltr'><strong>nobie</strong></span> <span class='ocrx_word' id='word_1_169' title='bbox 250 1933 387 2004; x_wconf 68' lang='lat' dir='ltr'><strong>propt&#39;u.</strong></span> <span class='ocrx_word' id='word_1_170' title='bbox 432 1930 535 1994; x_wconf 66' lang='lat' dir='ltr'><strong>Prin..</strong></span> <span class='ocrx_word' id='word_1_171' title='bbox 561 1930 631 1994; x_wconf 86' lang='lat' dir='ltr'><strong>Aul.</strong></span> <span class='ocrx_word' id='word_1_172' title='bbox 654 1929 680 2010; x_wconf 92' lang='grc' dir='ltr'><strong>Ι,</strong></span> <span class='ocrx_word' id='word_1_173' title='bbox 705 1935 733 2009; x_wconf 90' lang='grc'><strong>2,</strong></span> <span class='ocrx_word' id='word_1_174' title='bbox 760 1937 813 1995; x_wconf 87' lang='lat'><strong>18:</strong></span> <span class='ocrx_word' id='word_1_175' title='bbox 843 1936 926 2012; x_wconf 62' lang='lat' dir='ltr'><strong>Quoue</strong></span> <span class='ocrx_word' id='word_1_176' title='bbox 948 1933 1059 1994; x_wconf 83' lang='lat' dir='ltr'><strong>utenda</strong></span> <span class='ocrx_word' id='word_1_177' title='bbox 1080 1951 1154 1994; x_wconf 84' lang='lat' dir='ltr'><strong>uasa</strong></span> <span class='ocrx_word' id='word_1_178' title='bbox 1178 1955 1298 2012; x_wconf 80' lang='lat' dir='ltr'>semper</span> 
     </span>
     <span class='ocr_line' id='line_1_19' title="bbox 138 2027 1295 2108; baseline 0.012 -24"><span class='ocrx_word' id='word_1_179' title='bbox 138 2029 230 2087; x_wconf 83' lang='lat' dir='ltr'><strong>vieini</strong></span> <span class='ocrx_word' id='word_1_180' title='bbox 260 2034 375 2102; x_wconf 83' lang='lat' dir='ltr'><strong>repunt.</strong></span> <span class='ocrx_word' id='word_1_181' title='bbox 422 2027 488 2092; x_wconf 84' lang='lat' dir='ltr'><strong>Mil.</strong></span> <span class='ocrx_word' id='word_1_182' title='bbox 521 2027 564 2108; x_wconf 89' lang='grc' dir='ltr'><strong>ΙΙ,</strong></span> <span class='ocrx_word' id='word_1_183' title='bbox 596 2036 625 2107; x_wconf 82' lang='grc'><strong>3,</strong></span> <span class='ocrx_word' id='word_1_184' title='bbox 657 2035 708 2094; x_wconf 82' lang='grc'><strong>76;</strong></span> <span class='ocrx_word' id='word_1_185' title='bbox 738 2034 819 2092; x_wconf 71' lang='lat' dir='ltr'><strong>Num</strong></span> <span class='ocrx_word' id='word_1_186' title='bbox 847 2049 900 2105; x_wconf 79' lang='lat' dir='ltr'><strong>ego</strong></span> <span class='ocrx_word' id='word_1_187' title='bbox 932 2033 1050 2107; x_wconf 87' lang='lat' dir='ltr'><strong>quidem</strong></span> <span class='ocrx_word' id='word_1_188' title='bbox 1080 2050 1161 2094; x_wconf 81' lang='lat' dir='ltr'><strong>meos</strong></span> <span class='ocrx_word' id='word_1_189' title='bbox 1191 2039 1295 2099; x_wconf 85' lang='lat' dir='ltr'><strong>oeulos</strong></span> 
     </span>
     <span class='ocr_line' id='line_1_20' title="bbox 140 2126 1296 2207; baseline 0.012 -24"><span class='ocrx_word' id='word_1_190' title='bbox 140 2126 236 2186; x_wconf 70' lang='lat' dir='ltr'><strong>habeo</strong></span> <span class='ocrx_word' id='word_1_191' title='bbox 261 2143 316 2186; x_wconf 84' lang='lat' dir='ltr'><strong>nee</strong></span> <span class='ocrx_word' id='word_1_192' title='bbox 338 2145 409 2200; x_wconf 79' lang='lat' dir='ltr'><strong>repo</strong></span> <span class='ocrx_word' id='word_1_193' title='bbox 431 2129 552 2188; x_wconf 77' lang='lat' dir='ltr'><strong>utendos</strong></span> <span class='ocrx_word' id='word_1_194' title='bbox 574 2129 656 2189; x_wconf 84' lang='lat' dir='ltr'><strong>feris.</strong></span> <span class='ocrx_word' id='word_1_195' title='bbox 703 2128 772 2191; x_wconf 84' lang='lat' dir='ltr'><strong>Aul.</strong></span> <span class='ocrx_word' id='word_1_196' title='bbox 796 2127 838 2207; x_wconf 89' lang='grc' dir='ltr'><strong>ΙΙ,</strong></span> <span class='ocrx_word' id='word_1_197' title='bbox 863 2133 892 2206; x_wconf 88' lang='grc'><strong>9,</strong></span> <span class='ocrx_word' id='word_1_198' title='bbox 915 2134 949 2191; x_wconf 71' lang='lat' dir='ltr'><strong>d:</strong></span> <span class='ocrx_word' id='word_1_199' title='bbox 974 2137 1122 2205; x_wconf 80' lang='lat' dir='ltr'>artoptam</span> <span class='ocrx_word' id='word_1_200' title='bbox 1145 2173 1186 2180; x_wconf 88' lang='lat'><em>-</em></span> <span class='ocrx_word' id='word_1_201' title='bbox 1209 2143 1296 2197; x_wconf 81' lang='lat' dir='ltr'><strong>uten-</strong></span> 
     </span>
     <span class='ocr_line' id='line_1_21' title="bbox 141 2217 1296 2305; baseline 0 -23"><span class='ocrx_word' id='word_1_202' title='bbox 141 2217 207 2283; x_wconf 79' lang='lat' dir='ltr'><strong>dum</strong></span> <span class='ocrx_word' id='word_1_203' title='bbox 230 2233 311 2298; x_wconf 86' lang='lat' dir='ltr'><strong>peto.</strong></span> <span class='ocrx_word' id='word_1_204' title='bbox 357 2223 460 2288; x_wconf 78' lang='lat' dir='ltr'><strong>Etiam</strong></span> <span class='ocrx_word' id='word_1_205' title='bbox 490 2241 599 2305; x_wconf 80' lang='lat' dir='ltr'>praep.</span> <span class='ocrx_word' id='word_1_206' title='bbox 628 2228 668 2286; x_wconf 87' lang='lat' dir='ltr'><strong>ud</strong></span> <span class='ocrx_word' id='word_1_207' title='bbox 697 2227 834 2304; x_wconf 80' lang='lat' dir='ltr'><strong>accedit,</strong></span> <span class='ocrx_word' id='word_1_208' title='bbox 866 2243 946 2303; x_wconf 86' lang='lat' dir='ltr'><strong>quue</strong></span> <span class='ocrx_word' id='word_1_209' title='bbox 970 2226 1040 2305; x_wconf 85' lang='lat' dir='ltr'><strong>ipsa</strong></span> <span class='ocrx_word' id='word_1_210' title='bbox 1063 2222 1226 2290; x_wconf 78' lang='lat' dir='ltr'><strong>eonsilium</strong></span> <span class='ocrx_word' id='word_1_211' title='bbox 1249 2219 1296 2282; x_wconf 91' lang='lat' dir='ltr'><strong>in-</strong></span> 
     </span>
     <span class='ocr_line' id='line_1_22' title="bbox 139 2317 1296 2404; baseline 0.001 -24"><span class='ocrx_word' id='word_1_212' title='bbox 139 2317 241 2398; x_wconf 74' lang='lat' dir='ltr'><strong>dutui,</strong></span> <span class='ocrx_word' id='word_1_213' title='bbox 270 2325 467 2402; x_wconf 79' lang='lat' dir='ltr'><strong>quapropter</strong></span> <span class='ocrx_word' id='word_1_214' title='bbox 489 2338 551 2388; x_wconf 86' lang='lat' dir='ltr'><strong>nen</strong></span> <span class='ocrx_word' id='word_1_215' title='bbox 574 2323 605 2386; x_wconf 85' lang='lat' dir='ltr'><strong>in</strong></span> <span class='ocrx_word' id='word_1_216' title='bbox 630 2321 784 2404; x_wconf 80' lang='lat' dir='ltr'><strong>gerundie</strong></span> <span class='ocrx_word' id='word_1_217' title='bbox 812 2326 980 2402; x_wconf 73' lang='lat' dir='ltr'><strong>peterten</strong></span> <span class='ocrx_word' id='word_1_218' title='bbox 1003 2322 1049 2387; x_wconf 84' lang='lat' dir='ltr'><strong>vis</strong></span> <span class='ocrx_word' id='word_1_219' title='bbox 1072 2324 1186 2402; x_wconf 84' lang='lat' dir='ltr'><strong>inesse,</strong></span> <span class='ocrx_word' id='word_1_220' title='bbox 1211 2318 1296 2400; x_wconf 84' lang='lat' dir='ltr'><strong>quod</strong></span> 
     </span>
    </p>
   </div>
   <div class='ocr_carea' id='block_1_8' title="bbox 28 2411 1297 2508">
    <p class='ocr_par' dir='ltr' id='par_1_8' title="bbox 28 2411 1297 2508">
     <span class='ocr_line' id='line_1_23' title="bbox 28 2411 1297 2508; baseline 0.002 -30"><span class='ocrx_word' id='word_1_221' title='bbox 28 2431 29 2508; x_wconf 78' lang='lat' dir='ltr'>j</span> <span class='ocrx_word' id='word_1_222' title='bbox 140 2415 218 2480; x_wconf 81' lang='lat' dir='ltr'><strong>nihil</strong></span> <span class='ocrx_word' id='word_1_223' title='bbox 251 2417 311 2482; x_wconf 85' lang='lat' dir='ltr'><strong>nisi</strong></span> <span class='ocrx_word' id='word_1_224' title='bbox 343 2411 498 2485; x_wconf 68' lang='lat' dir='ltr'><strong>actionem</strong></span> <span class='ocrx_word' id='word_1_225' title='bbox 530 2421 686 2502; x_wconf 78' lang='lat' dir='ltr'><strong>designet.</strong></span> <span class='ocrx_word' id='word_1_226' title='bbox 734 2419 882 2485; x_wconf 83' lang='lat' dir='ltr'><strong>Ceterum</strong></span> <span class='ocrx_word' id='word_1_227' title='bbox 909 2421 949 2484; x_wconf 81' lang='lat' dir='ltr'><strong>ad</strong></span> <span class='ocrx_word' id='word_1_228' title='bbox 978 2421 1074 2486; x_wconf 83' lang='lat' dir='ltr'><strong>verba</strong></span> <span class='ocrx_word' id='word_1_229' title='bbox 1096 2417 1297 2500; x_wconf 84' lang='lat' dir='ltr'><strong>potissimum</strong></span> 
     </span>
    </p>
   </div>
   <div class='ocr_carea' id='block_1_9' title="bbox 138 2515 1299 3678">
    <p class='ocr_par' dir='ltr' id='par_1_9' title="bbox 138 2515 1299 3678">
     <span class='ocr_line' id='line_1_24' title="bbox 139 2515 1298 2598; baseline 0.003 -22"><span class='ocrx_word' id='word_1_230' title='bbox 139 2520 174 2576; x_wconf 84' lang='lat' dir='ltr'><strong>et</strong></span> <span class='ocrx_word' id='word_1_231' title='bbox 196 2515 354 2582; x_wconf 75' lang='lat' dir='ltr'>dictiones</span> <span class='ocrx_word' id='word_1_232' title='bbox 381 2535 462 2598; x_wconf 83' lang='lat' dir='ltr'><strong>quae</strong></span> <span class='ocrx_word' id='word_1_233' title='bbox 486 2519 575 2584; x_wconf 87' lang='lat' dir='ltr'><strong>verbi</strong></span> <span class='ocrx_word' id='word_1_234' title='bbox 597 2521 758 2584; x_wconf 86' lang='lat' dir='ltr'><strong>notionem</strong></span> <span class='ocrx_word' id='word_1_235' title='bbox 781 2517 908 2595; x_wconf 75' lang='lat' dir='ltr'><strong>habent,</strong></span> <span class='ocrx_word' id='word_1_236' title='bbox 940 2525 972 2583; x_wconf 87' lang='lat' dir='ltr'><strong>et</strong></span> <span class='ocrx_word' id='word_1_237' title='bbox 995 2521 1034 2584; x_wconf 87' lang='lat' dir='ltr'><strong>ud</strong></span> <span class='ocrx_word' id='word_1_238' title='bbox 1056 2517 1222 2595; x_wconf 82' lang='lat' dir='ltr'><strong>adieetivn‚</strong></span> <span class='ocrx_word' id='word_1_239' title='bbox 1245 2533 1298 2579; x_wconf 85' lang='lat' dir='ltr'><strong>rn-</strong></span> 
     </span>
     <span class='ocr_line' id='line_1_25' title="bbox 140 2605 1299 2699; baseline 0.002 -26"><span class='ocrx_word' id='word_1_240' title='bbox 140 2611 208 2675; x_wconf 82' lang='lat' dir='ltr'><strong>rius</strong></span> <span class='ocrx_word' id='word_1_241' title='bbox 243 2613 285 2677; x_wconf 89' lang='lat' dir='ltr'><strong>ud</strong></span> <span class='ocrx_word' id='word_1_242' title='bbox 319 2615 518 2680; x_wconf 76' lang='lat' dir='ltr'><strong>substantive</strong></span> <span class='ocrx_word' id='word_1_243' title='bbox 550 2617 618 2682; x_wconf 77' lang='lat' dir='ltr'><strong>uela</strong></span> <span class='ocrx_word' id='word_1_244' title='bbox 643 2617 831 2698; x_wconf 82' lang='lat' dir='ltr'><strong>gerundium</strong></span> <span class='ocrx_word' id='word_1_245' title='bbox 862 2633 933 2682; x_wconf 86' lang='lat' dir='ltr'><strong>cunr</strong></span> <span class='ocrx_word' id='word_1_246' title='bbox 963 2632 1072 2699; x_wconf 80' lang='lat' dir='ltr'>praep.</span> <span class='ocrx_word' id='word_1_247' title='bbox 1101 2619 1140 2678; x_wconf 85' lang='lat' dir='ltr'><strong>ud</strong></span> <span class='ocrx_word' id='word_1_248' title='bbox 1169 2605 1299 2678; x_wconf 81' lang='lat' dir='ltr'><strong>additur</strong></span> 
     </span>
     <span class='ocr_line' id='line_1_26' title="bbox 141 2709 1295 2795; baseline 0.002 -22"><span class='ocrx_word' id='word_1_249' title='bbox 141 2709 192 2785; x_wconf 82' lang='lat' dir='ltr'><strong>(ei.</strong></span> <span class='ocrx_word' id='word_1_250' title='bbox 217 2712 392 2778; x_wconf 85' lang='lat' dir='ltr'><strong>Weissenb.</strong></span> <span class='ocrx_word' id='word_1_251' title='bbox 409 2732 445 2793; x_wconf 85' lang='lat' dir='ltr'><strong>p.</strong></span> <span class='ocrx_word' id='word_1_252' title='bbox 471 2719 552 2792; x_wconf 81' lang='grc'>128).</span> <span class='ocrx_word' id='word_1_253' title='bbox 597 2715 785 2795; x_wconf 81' lang='lat' dir='ltr'>Exemplum</span> <span class='ocrx_word' id='word_1_254' title='bbox 811 2717 1000 2781; x_wconf 80' lang='lat' dir='ltr'><strong>substantivi</strong></span> <span class='ocrx_word' id='word_1_255' title='bbox 1016 2720 1112 2780; x_wconf 82' lang='lat' dir='ltr'><strong>extet</strong></span> <span class='ocrx_word' id='word_1_256' title='bbox 1134 2713 1219 2794; x_wconf 86' lang='lat' dir='ltr'><strong>apud</strong></span> <span class='ocrx_word' id='word_1_257' title='bbox 1235 2711 1295 2775; x_wconf 86' lang='lat' dir='ltr'><strong>Te-</strong></span> 
     </span>
     <span class='ocr_line' id='line_1_27' title="bbox 143 2809 1296 2893; baseline -0.003 -20"><span class='ocrx_word' id='word_1_258' title='bbox 143 2809 282 2876; x_wconf 82' lang='lat' dir='ltr'><strong>rendum</strong></span> <span class='ocrx_word' id='word_1_259' title='bbox 307 2811 434 2878; x_wconf 86' lang='lat' dir='ltr'><strong>Pherm.</strong></span> <span class='ocrx_word' id='word_1_260' title='bbox 458 2813 499 2891; x_wconf 83' lang='grc' dir='ltr'><strong>ΙΙ,</strong></span> <span class='ocrx_word' id='word_1_261' title='bbox 525 2819 553 2893; x_wconf 87' lang='grc'><strong>3,</strong></span> <span class='ocrx_word' id='word_1_262' title='bbox 579 2819 632 2878; x_wconf 80' lang='lat' dir='ltr'><strong>te:</strong></span> <span class='ocrx_word' id='word_1_263' title='bbox 654 2817 727 2876; x_wconf 79' lang='lat' dir='ltr'><strong>Nem</strong></span> <span class='ocrx_word' id='word_1_264' title='bbox 752 2826 804 2876; x_wconf 88' lang='lat' dir='ltr'><strong>tuu</strong></span> <span class='ocrx_word' id='word_1_265' title='bbox 826 2819 1029 2877; x_wconf 83' lang='lat' dir='ltr'><strong>Praeteriernt</strong></span> <span class='ocrx_word' id='word_1_266' title='bbox 1051 2820 1108 2876; x_wconf 82' lang='lat' dir='ltr'><strong>iem</strong></span> <span class='ocrx_word' id='word_1_267' title='bbox 1131 2815 1170 2875; x_wconf 89' lang='lat' dir='ltr'><strong>ud</strong></span> <span class='ocrx_word' id='word_1_268' title='bbox 1191 2814 1296 2874; x_wconf 84' lang='lat' dir='ltr'><strong>dueen-</strong></span> 
     </span>
     <span class='ocr_line' id='line_1_28' title="bbox 138 2908 1296 2988; baseline 0.001 -17"><span class='ocrx_word' id='word_1_269' title='bbox 138 2912 212 2972; x_wconf 71' lang='lat' dir='ltr'><strong>dum</strong></span> <span class='ocrx_word' id='word_1_270' title='bbox 246 2919 335 2974; x_wconf 80' lang='lat' dir='ltr'><strong>uetus.</strong></span> <span class='ocrx_word' id='word_1_271' title='bbox 395 2911 500 2976; x_wconf 83' lang='lat' dir='ltr'><strong>Verba</strong></span> <span class='ocrx_word' id='word_1_272' title='bbox 534 2917 567 2976; x_wconf 85' lang='lat' dir='ltr'><strong>ei</strong></span> <span class='ocrx_word' id='word_1_273' title='bbox 599 2913 771 2976; x_wconf 79' lang='lat' dir='ltr'><strong>adieetivu:</strong></span> <span class='ocrx_word' id='word_1_274' title='bbox 811 2913 904 2976; x_wconf 77' lang='lat' dir='ltr'><strong>Ennii</strong></span> <span class='ocrx_word' id='word_1_275' title='bbox 938 2913 1137 2976; x_wconf 81' lang='lat' dir='ltr'><strong>Euhemerus</strong></span> <span class='ocrx_word' id='word_1_276' title='bbox 1164 2908 1210 2973; x_wconf 71' lang='lat' dir='ltr'><strong>‘fr</strong></span> <span class='ocrx_word' id='word_1_277' title='bbox 1250 2913 1296 2988; x_wconf 88' lang='grc'><strong>11,</strong></span> 
     </span>
     <span class='ocr_line' id='line_1_29' title="bbox 140 3005 1296 3086; baseline -0.001 -17"><span class='ocrx_word' id='word_1_278' title='bbox 140 3023 170 3071; x_wconf 87' lang='lat' dir='ltr'><strong>v.</strong></span> <span class='ocrx_word' id='word_1_279' title='bbox 196 3013 254 3074; x_wconf 81' lang='lat'><strong>64:</strong></span> <span class='ocrx_word' id='word_1_280' title='bbox 279 3011 441 3086; x_wconf 70' lang='lat' dir='ltr'><strong>animuum</strong></span> <span class='ocrx_word' id='word_1_281' title='bbox 463 3013 572 3085; x_wconf 76' lang='lat' dir='ltr'><strong>ceteris</strong></span> <span class='ocrx_word' id='word_1_282' title='bbox 596 3011 835 3072; x_wconf 60' lang='lat' dir='ltr'><strong>adtendendum</strong></span> <span class='ocrx_word' id='word_1_283' title='bbox 858 3013 943 3074; x_wconf 81' lang='lat' dir='ltr'><strong>dedit.</strong></span> <span class='ocrx_word' id='word_1_284' title='bbox 989 3010 1091 3073; x_wconf 79' lang='lat' dir='ltr'><strong>Piaut.</strong></span> <span class='ocrx_word' id='word_1_285' title='bbox 1108 3008 1191 3072; x_wconf 75' lang='lat' dir='ltr'><strong>Men</strong></span> <span class='ocrx_word' id='word_1_286' title='bbox 1209 3005 1296 3086; x_wconf 82' lang='lat' dir='ltr'><strong>prol.</strong></span> 
     </span>
     <span class='ocr_line' id='line_1_30' title="bbox 141 3103 1298 3186; baseline -0.003 -16"><span class='ocrx_word' id='word_1_287' title='bbox 141 3125 170 3170; x_wconf 83' lang='lat' dir='ltr'><strong>v-</strong></span> <span class='ocrx_word' id='word_1_288' title='bbox 198 3111 253 3172; x_wconf 83' lang='lat'><strong>16:</strong></span> <span class='ocrx_word' id='word_1_289' title='bbox 285 3111 380 3172; x_wconf 81' lang='lat' dir='ltr'><strong>Tunte</strong></span> <span class='ocrx_word' id='word_1_290' title='bbox 403 3110 443 3168; x_wconf 86' lang='lat' dir='ltr'><strong>nd</strong></span> <span class='ocrx_word' id='word_1_291' title='bbox 464 3109 652 3170; x_wconf 71' lang='lat' dir='ltr'><strong>narrandum</strong></span> <span class='ocrx_word' id='word_1_292' title='bbox 677 3109 805 3186; x_wconf 79' lang='lat' dir='ltr'><strong>[ndstra]</strong></span> <span class='ocrx_word' id='word_1_293' title='bbox 829 3111 912 3171; x_wconf 82' lang='lat' dir='ltr'><strong>adest</strong></span> <span class='ocrx_word' id='word_1_294' title='bbox 933 3110 1106 3183; x_wconf 71' lang='lat' dir='ltr'><strong>neutpuuas.</strong></span> <span class='ocrx_word' id='word_1_295' title='bbox 1151 3106 1248 3169; x_wconf 75' lang='lat' dir='ltr'><strong>Mero.</strong></span> <span class='ocrx_word' id='word_1_296' title='bbox 1272 3103 1298 3183; x_wconf 93' lang='grc' dir='ltr'><strong>Ι,</strong></span> 
     </span>
     <span class='ocr_line' id='line_1_31' title="bbox 144 3202 1297 3285; baseline -0.004 -17"><span class='ocrx_word' id='word_1_297' title='bbox 144 3211 172 3279; x_wconf 92' lang='grc'><strong>1,</strong></span> <span class='ocrx_word' id='word_1_298' title='bbox 200 3207 256 3269; x_wconf 80' lang='lat'><strong>15:</strong></span> <span class='ocrx_word' id='word_1_299' title='bbox 290 3210 503 3269; x_wconf 79' lang='lat' dir='ltr'><strong>advortendum</strong></span> <span class='ocrx_word' id='word_1_300' title='bbox 538 3217 569 3267; x_wconf 84' lang='lat' dir='ltr'><strong>ut</strong></span> <span class='ocrx_word' id='word_1_301' title='bbox 600 3211 729 3268; x_wconf 81' lang='lat' dir='ltr'><strong>unimum</strong></span> <span class='ocrx_word' id='word_1_302' title='bbox 764 3211 850 3269; x_wconf 83' lang='lat' dir='ltr'><strong>adest</strong></span> <span class='ocrx_word' id='word_1_303' title='bbox 884 3211 1059 3285; x_wconf 83' lang='lat' dir='ltr'><strong>benignitus.</strong></span> <span class='ocrx_word' id='word_1_304' title='bbox 1108 3203 1174 3268; x_wconf 86' lang='lat' dir='ltr'><strong>Mil.</strong></span> <span class='ocrx_word' id='word_1_305' title='bbox 1200 3202 1242 3279; x_wconf 94' lang='grc' dir='ltr'><strong>ΙΙ,</strong></span> <span class='ocrx_word' id='word_1_306' title='bbox 1269 3207 1297 3279; x_wconf 90' lang='grc'><strong>1,</strong></span> 
     </span>
     <span class='ocr_line' id='line_1_32' title="bbox 143 3294 1298 3384; baseline -0.008 -16"><span class='ocrx_word' id='word_1_307' title='bbox 143 3310 158 3368; x_wconf 97' lang='grc'>1</span> <span class='ocrx_word' id='word_1_308' title='bbox 184 3321 244 3384; x_wconf 73' lang='lat' dir='ltr'><strong>sp:</strong></span> <span class='ocrx_word' id='word_1_309' title='bbox 263 3294 354 3366; x_wconf 73' lang='lat' dir='ltr'><strong>&#39;Mihi</strong></span> <span class='ocrx_word' id='word_1_310' title='bbox 383 3309 423 3366; x_wconf 85' lang='lat' dir='ltr'><strong>ud</strong></span> <span class='ocrx_word' id='word_1_311' title='bbox 449 3307 650 3366; x_wconf 79' lang='lat' dir='ltr'><strong>enarrandum</strong></span> <span class='ocrx_word' id='word_1_312' title='bbox 677 3309 731 3368; x_wconf 77' lang='lat' dir='ltr'><strong>doc</strong></span> <span class='ocrx_word' id='word_1_313' title='bbox 757 3313 992 3382; x_wconf 78' lang='lat' dir='ltr'><strong>urpumeutumst</strong></span> <span class='ocrx_word' id='word_1_314' title='bbox 1021 3309 1160 3379; x_wconf 85' lang='lat' dir='ltr'><strong>comites,</strong></span> <span class='ocrx_word' id='word_1_315' title='bbox 1197 3303 1228 3363; x_wconf 82' lang='lat' dir='ltr'><strong>Si</strong></span> <span class='ocrx_word' id='word_1_316' title='bbox 1257 3301 1298 3360; x_wconf 86' lang='lat' dir='ltr'><strong>ud</strong></span> 
     </span>
     <span class='ocr_line' id='line_1_33' title="bbox 141 3403 1299 3482; baseline -0.001 -18"><span class='ocrx_word' id='word_1_317' title='bbox 141 3405 373 3466; x_wconf 78' lang='lat' dir='ltr'><strong>uusoutuuunm</strong></span> <span class='ocrx_word' id='word_1_318' title='bbox 395 3411 496 3466; x_wconf 82' lang='lat' dir='ltr'><strong>vostra</strong></span> <span class='ocrx_word' id='word_1_319' title='bbox 518 3407 575 3465; x_wconf 78' lang='lat' dir='ltr'><strong>end</strong></span> <span class='ocrx_word' id='word_1_320' title='bbox 597 3406 770 3479; x_wconf 66' lang='lat' dir='ltr'><strong>bouquetus.</strong></span> <span class='ocrx_word' id='word_1_321' title='bbox 816 3404 912 3468; x_wconf 80' lang='lat' dir='ltr'><strong>Mero.</strong></span> <span class='ocrx_word' id='word_1_322' title='bbox 930 3403 967 3481; x_wconf 88' lang='lat' dir='ltr'><strong>V,</strong></span> <span class='ocrx_word' id='word_1_323' title='bbox 985 3407 1014 3482; x_wconf 89' lang='grc'><strong>2,</strong></span> <span class='ocrx_word' id='word_1_324' title='bbox 1039 3409 1094 3469; x_wconf 83' lang='lat'><strong>94:</strong></span> <span class='ocrx_word' id='word_1_325' title='bbox 1117 3403 1243 3479; x_wconf 80' lang='lat' dir='ltr'><strong>Operum</strong></span> <span class='ocrx_word' id='word_1_326' title='bbox 1264 3410 1299 3462; x_wconf 89' lang='lat' dir='ltr'><strong>ut</strong></span> 
     </span>
     <span class='ocr_line' id='line_1_34' title="bbox 139 3498 1298 3581; baseline 0.003 -21"><span class='ocrx_word' id='word_1_327' title='bbox 139 3517 259 3564; x_wconf 80' lang='lat' dir='ltr'><strong>sumam</strong></span> <span class='ocrx_word' id='word_1_328' title='bbox 292 3505 334 3562; x_wconf 85' lang='lat' dir='ltr'><strong>ud</strong></span> <span class='ocrx_word' id='word_1_329' title='bbox 363 3505 635 3581; x_wconf 58' lang='lat' dir='ltr'><strong>perpendendum,</strong></span> <span class='ocrx_word' id='word_1_330' title='bbox 670 3505 719 3564; x_wconf 86' lang='lat' dir='ltr'><strong>ubi</strong></span> <span class='ocrx_word' id='word_1_331' title='bbox 752 3506 793 3564; x_wconf 78' lang='lat' dir='ltr'><strong>uit</strong></span> <span class='ocrx_word' id='word_1_332' title='bbox 823 3507 920 3565; x_wconf 78' lang='lat' dir='ltr'><strong>illaec.</strong></span> <span class='ocrx_word' id='word_1_333' title='bbox 971 3500 1086 3566; x_wconf 76' lang='lat' dir='ltr'>Bacch.</span> <span class='ocrx_word' id='word_1_334' title='bbox 1111 3498 1164 3580; x_wconf 85' lang='lat' dir='ltr'><strong>IV,</strong></span> <span class='ocrx_word' id='word_1_335' title='bbox 1188 3508 1217 3580; x_wconf 87' lang='grc'><strong>4,</strong></span> <span class='ocrx_word' id='word_1_336' title='bbox 1242 3503 1298 3564; x_wconf 69' lang='grc'><strong>863</strong></span> 
     </span>
     <span class='ocr_line' id='line_1_35' title="bbox 142 3599 1299 3678; baseline -0.002 -16"><span class='ocrx_word' id='word_1_337' title='bbox 142 3599 209 3675; x_wconf 80' lang='lat' dir='ltr'><strong>[ad]</strong></span> <span class='ocrx_word' id='word_1_338' title='bbox 226 3603 418 3675; x_wconf 75' lang='lat' dir='ltr'><strong>perdundum</strong></span> <span class='ocrx_word' id='word_1_339' title='bbox 441 3605 533 3678; x_wconf 71' lang='lat' dir='ltr'><strong>magis</strong></span> <span class='ocrx_word' id='word_1_340' title='bbox 556 3618 642 3678; x_wconf 81' lang='lat' dir='ltr'><strong>quum</strong></span> <span class='ocrx_word' id='word_1_341' title='bbox 666 3602 707 3660; x_wconf 85' lang='lat' dir='ltr'><strong>ud</strong></span> <span class='ocrx_word' id='word_1_342' title='bbox 727 3603 919 3662; x_wconf 68' lang='lat' dir='ltr'><strong>tertiandum</strong></span> <span class='ocrx_word' id='word_1_343' title='bbox 943 3604 1009 3662; x_wconf 81' lang='lat' dir='ltr'><strong>dtu.</strong></span> <span class='ocrx_word' id='word_1_344' title='bbox 1056 3599 1183 3664; x_wconf 79' lang='lat' dir='ltr'><strong>Terent.</strong></span> <span class='ocrx_word' id='word_1_345' title='bbox 1201 3599 1299 3662; x_wconf 85' lang='lat' dir='ltr'><strong>Andr.</strong></span> 
     </span>
    </p>
   </div>
   <div class='ocr_carea' id='block_1_10' title="bbox 28 3697 1298 3776">
    <p class='ocr_par' dir='ltr' id='par_1_10' title="bbox 28 3697 1298 3776">
     <span class='ocr_line' id='line_1_36' title="bbox 28 3697 1298 3776; baseline -0.005 -13"><span class='ocrx_word' id='word_1_346' title='bbox 28 3703 30 3718; x_wconf 93' lang='lat'>&#39;</span> <span class='ocrx_word' id='word_1_347' title='bbox 140 3697 222 3776; x_wconf 88' lang='lat' dir='ltr'>prol.</span> <span class='ocrx_word' id='word_1_348' title='bbox 246 3715 273 3762; x_wconf 78' lang='lat' dir='ltr'><strong>v,</strong></span> <span class='ocrx_word' id='word_1_349' title='bbox 302 3705 333 3762; x_wconf 91' lang='lat'><strong>1:</strong></span> <span class='ocrx_word' id='word_1_350' title='bbox 368 3701 462 3761; x_wconf 76' lang='lat' dir='ltr'><strong>Poeta</strong></span> <span class='ocrx_word' id='word_1_351' title='bbox 488 3717 574 3775; x_wconf 87' lang='lat' dir='ltr'><strong>quom</strong></span> <span class='ocrx_word' id='word_1_352' title='bbox 604 3703 730 3775; x_wconf 84' lang='lat' dir='ltr'><strong>primum</strong></span> <span class='ocrx_word' id='word_1_353' title='bbox 752 3703 880 3760; x_wconf 82' lang='lat' dir='ltr'><strong>animum</strong></span> <span class='ocrx_word' id='word_1_354' title='bbox 904 3699 1151 3760; x_wconf 61' lang='lat' dir='ltr'><strong>nuncupandum</strong></span> <span class='ocrx_word' id='word_1_355' title='bbox 1174 3697 1298 3772; x_wconf 74' lang='lat' dir='ltr'><strong>adpulit.</strong></span> 
     </span>
    </p>
   </div>
   <div class='ocr_carea' id='block_1_11' title="bbox 140 3794 1302 4265">
    <p class='ocr_par' dir='ltr' id='par_1_11' title="bbox 140 3794 1302 4265">
     <span class='ocr_line' id='line_1_37' title="bbox 142 3794 1300 3875; baseline -0.003 -18"><span class='ocrx_word' id='word_1_356' title='bbox 142 3794 169 3875; x_wconf 92' lang='grc' dir='ltr'><strong>Ι,</strong></span> <span class='ocrx_word' id='word_1_357' title='bbox 196 3803 223 3875; x_wconf 90' lang='grc'><strong>1,</strong></span> <span class='ocrx_word' id='word_1_358' title='bbox 248 3802 302 3860; x_wconf 87' lang='lat'><strong>30:</strong></span> <span class='ocrx_word' id='word_1_359' title='bbox 327 3805 377 3859; x_wconf 80' lang='lat' dir='ltr'><strong>unt</strong></span> <span class='ocrx_word' id='word_1_360' title='bbox 400 3814 492 3874; x_wconf 86' lang='lat' dir='ltr'><strong>equos</strong></span> <span class='ocrx_word' id='word_1_361' title='bbox 516 3801 606 3858; x_wconf 77' lang='lat' dir='ltr'><strong>Alere</strong></span> <span class='ocrx_word' id='word_1_362' title='bbox 630 3806 681 3857; x_wconf 87' lang='lat' dir='ltr'><strong>uut</strong></span> <span class='ocrx_word' id='word_1_363' title='bbox 704 3814 793 3858; x_wconf 80' lang='lat' dir='ltr'><strong>nunes</strong></span> <span class='ocrx_word' id='word_1_364' title='bbox 817 3799 857 3856; x_wconf 86' lang='lat' dir='ltr'><strong>ud</strong></span> <span class='ocrx_word' id='word_1_365' title='bbox 877 3798 1052 3858; x_wconf 83' lang='lat' dir='ltr'><strong>venandum.</strong></span> <span class='ocrx_word' id='word_1_366' title='bbox 1081 3813 1109 3858; x_wconf 91' lang='lat' dir='ltr'><strong>v.</strong></span> <span class='ocrx_word' id='word_1_367' title='bbox 1136 3799 1211 3858; x_wconf 93' lang='lat' dir='ltr'><strong>lll:</strong></span> <span class='ocrx_word' id='word_1_368' title='bbox 1233 3797 1300 3856; x_wconf 81' lang='lat' dir='ltr'><strong>Nee</strong></span> 
     </span>
     <span class='ocr_line' id='line_1_38' title="bbox 142 3894 1299 3973; baseline -0.002 -19"><span class='ocrx_word' id='word_1_369' title='bbox 142 3897 217 3956; x_wconf 83' lang='lat' dir='ltr'><strong>setis</strong></span> <span class='ocrx_word' id='word_1_370' title='bbox 241 3897 281 3955; x_wconf 87' lang='lat' dir='ltr'><strong>ud</strong></span> <span class='ocrx_word' id='word_1_371' title='bbox 302 3898 519 3973; x_wconf 74' lang='lat' dir='ltr'><strong>odiuupaudum</strong></span> <span class='ocrx_word' id='word_1_372' title='bbox 543 3913 650 3957; x_wconf 80' lang='lat' dir='ltr'><strong>eurusue</strong></span> <span class='ocrx_word' id='word_1_373' title='bbox 673 3897 727 3970; x_wconf 82' lang='lat' dir='ltr'><strong>(sc.</strong></span> <span class='ocrx_word' id='word_1_374' title='bbox 752 3896 843 3969; x_wconf 83' lang='lat' dir='ltr'><strong>erat).</strong></span> <span class='ocrx_word' id='word_1_375' title='bbox 890 3913 918 3956; x_wconf 79' lang='lat' dir='ltr'><strong>v,</strong></span> <span class='ocrx_word' id='word_1_376' title='bbox 947 3894 1024 3959; x_wconf 77' lang='lat'>123:</span> <span class='ocrx_word' id='word_1_377' title='bbox 1060 3897 1104 3954; x_wconf 79' lang='lat' dir='ltr'><strong>N&#39;e</strong></span> <span class='ocrx_word' id='word_1_378' title='bbox 1137 3895 1210 3954; x_wconf 83' lang='lat' dir='ltr'><strong>haee</strong></span> <span class='ocrx_word' id='word_1_379' title='bbox 1235 3895 1299 3968; x_wconf 87' lang='lat' dir='ltr'><strong>qui·</strong></span> 
     </span>
     <span class='ocr_line' id='line_1_39' title="bbox 141 3991 1301 4070; baseline -0.005 -18"><span class='ocrx_word' id='word_1_380' title='bbox 141 3995 209 4054; x_wconf 86' lang='lat' dir='ltr'><strong>dem</strong></span> <span class='ocrx_word' id='word_1_381' title='bbox 224 3995 303 4055; x_wconf 78' lang='lat' dir='ltr'><strong>Setis</strong></span> <span class='ocrx_word' id='word_1_382' title='bbox 320 4005 439 4056; x_wconf 78' lang='lat' dir='ltr'><strong>vemeus&#39;</strong></span> <span class='ocrx_word' id='word_1_383' title='bbox 453 4011 544 4057; x_wconf 79' lang='lat' dir='ltr'><strong>eduen</strong></span> <span class='ocrx_word' id='word_1_384' title='bbox 557 3994 598 4052; x_wconf 87' lang='lat' dir='ltr'><strong>ud</strong></span> <span class='ocrx_word' id='word_1_385' title='bbox 612 3993 838 4068; x_wconf 83' lang='lat' dir='ltr'><strong>odiurpuudum.</strong></span> <span class='ocrx_word' id='word_1_386' title='bbox 871 3997 899 4070; x_wconf 91' lang='grc'><strong>2,</strong></span> <span class='ocrx_word' id='word_1_387' title='bbox 925 3995 958 4056; x_wconf 83' lang='lat'><strong>11</strong></span> <span class='ocrx_word' id='word_1_388' title='bbox 971 4013 976 4052; x_wconf 91' lang='lat'>:</span> <span class='ocrx_word' id='word_1_389' title='bbox 989 3995 1034 4054; x_wconf 59' lang='lat' dir='ltr'><strong>*Ut</strong></span> <span class='ocrx_word' id='word_1_390' title='bbox 1043 4005 1079 4052; x_wconf 86' lang='lat' dir='ltr'><strong>ne</strong></span> <span class='ocrx_word' id='word_1_391' title='bbox 1089 3996 1162 4053; x_wconf 81' lang='lat' dir='ltr'><strong>esset</strong></span> <span class='ocrx_word' id='word_1_392' title='bbox 1170 3991 1301 4065; x_wconf 72' lang='lat' dir='ltr'><strong>spadum</strong></span> 
     </span>
     <span class='ocr_line' id='line_1_40' title="bbox 141 4089 1301 4169; baseline -0.009 -16"><span class='ocrx_word' id='word_1_393' title='bbox 141 4095 293 4166; x_wconf 64' lang='lat' dir='ltr'><strong>capuanus*</strong></span> <span class='ocrx_word' id='word_1_394' title='bbox 316 4092 357 4154; x_wconf 86' lang='lat' dir='ltr'><strong>ud</strong></span> <span class='ocrx_word' id='word_1_395' title='bbox 377 4093 588 4156; x_wconf 79' lang='lat' dir='ltr'><strong>du‘sturbuudue</strong></span> <span class='ocrx_word' id='word_1_396' title='bbox 610 4094 737 4166; x_wconf 64' lang='lat' dir='ltr'><strong>nunnus.</strong></span> <span class='ocrx_word' id='word_1_397' title='bbox 769 4089 823 4168; x_wconf 80' lang='lat' dir='ltr'><strong>IV,</strong></span> <span class='ocrx_word' id='word_1_398' title='bbox 849 4093 877 4165; x_wconf 88' lang='grc'><strong>2,</strong></span> <span class='ocrx_word' id='word_1_399' title='bbox 903 4093 942 4153; x_wconf 89' lang='grc'><strong>22</strong></span> <span class='ocrx_word' id='word_1_400' title='bbox 967 4097 1030 4169; x_wconf 74' lang='lat' dir='ltr'><strong>sip:</strong></span> <span class='ocrx_word' id='word_1_401' title='bbox 1052 4091 1126 4151; x_wconf 71' lang='lat' dir='ltr'><strong>tries</strong></span> <span class='ocrx_word' id='word_1_402' title='bbox 1148 4091 1196 4147; x_wconf 85' lang='lat' dir='ltr'><strong>hie</strong></span> <span class='ocrx_word' id='word_1_403' title='bbox 1213 4089 1251 4146; x_wconf 88' lang='lat' dir='ltr'><strong>mi</strong></span> <span class='ocrx_word' id='word_1_404' title='bbox 1268 4092 1301 4144; x_wconf 92' lang='lat' dir='ltr'><strong>ut</strong></span> 
     </span>
     <span class='ocr_line' id='line_1_41' title="bbox 140 4186 1302 4265; baseline -0.012 -11"><span class='ocrx_word' id='word_1_405' title='bbox 140 4196 219 4254; x_wconf 76' lang='lat' dir='ltr'><strong>satu</strong></span> <span class='ocrx_word' id='word_1_406' title='bbox 247 4195 287 4254; x_wconf 79' lang='lat' dir='ltr'><strong>uit</strong></span> <span class='ocrx_word' id='word_1_407' title='bbox 314 4208 421 4254; x_wconf 73' lang='lat' dir='ltr'><strong>vereor</strong></span> <span class='ocrx_word' id='word_1_408' title='bbox 442 4193 493 4253; x_wconf 84' lang='lat' dir='ltr'><strong>Ad</strong></span> <span class='ocrx_word' id='word_1_409' title='bbox 518 4191 679 4265; x_wconf 61' lang='lat' dir='ltr'><strong>numm:</strong></span> <span class='ocrx_word' id='word_1_410' title='bbox 713 4201 750 4249; x_wconf 86' lang='lat' dir='ltr'><strong>ne</strong></span> <span class='ocrx_word' id='word_1_411' title='bbox 772 4202 895 4252; x_wconf 83' lang='lat' dir='ltr'><strong>uueuuu</strong></span> <span class='ocrx_word' id='word_1_412' title='bbox 916 4201 977 4250; x_wconf 77' lang='lat' dir='ltr'><strong>esse</strong></span> <span class='ocrx_word' id='word_1_413' title='bbox 997 4204 1044 4247; x_wconf 78' lang='lat' dir='ltr'><strong>nne</strong></span> <span class='ocrx_word' id='word_1_414' title='bbox 1064 4187 1145 4246; x_wconf 81' lang='lat' dir='ltr'><strong>nuic</strong></span> <span class='ocrx_word' id='word_1_415' title='bbox 1169 4186 1209 4244; x_wconf 82' lang='lat' dir='ltr'><strong>ud</strong></span> <span class='ocrx_word' id='word_1_416' title='bbox 1229 4197 1302 4241; x_wconf 84' lang='lat' dir='ltr'><strong>unr-</strong></span> 
     </span>
    </p>
   </div>
   <div class='ocr_carea' id='block_1_12' title="bbox 0 0 1554 4768">
    <p class='ocr_par' dir='ltr' id='par_1_12' title="bbox 0 0 1554 4768">
     <span class='ocr_line' id='line_1_42' title="bbox 0 0 1554 4768; baseline 0 0"><span class='ocrx_word' id='word_1_417' title='bbox 0 0 1554 4768; x_wconf 95' lang='lat' dir='ltr'><strong> </strong></span> 
     </span>
    </p>
   </div>
  </div>
 </body>
</html>
