3048 4770
531 128 678 168 DOOTRlNA
707 127 941 170 Pannicunanuu.
1254 136 1315 198 299

157 313 246 378 bium
278 317 417 380 omnium
449 316 598 382 horarum
626 335 663 383 aa
697 315 913 398 temporum.“
958 315 1064 382 nina:
1100 319 1213 395 „Olim
1236 323 1315 384 tum.

153 411 252 476 etiam
279 413 312 478 in
341 414 610 482 demonstratione
642 416 785 496 ponitur,
822 420 859 480 ut
888 416 918 480 h.
942 414 963 478 l.
989 414 1183 482 insolentior
1210 421 1317 480 tamen

155 514 208 574 est
230 512 319 576 notio
344 531 390 588 ea,
414 530 478 593 qua
500 514 582 578 idem
606 518 699 579 notat
721 515 807 594 quod
823 513 982 582 Graecum
1004 509 1094 589 nori,
1118 511 1319 580 indefinitum

158 614 286 688 tempus
320 608 511 691 significans.
522 612 541 641 “
586 611 681 676 Poen.
704 612 735 691 Ι,
765 617 798 684 2,
831 617 908 678 143:
942 615 1001 674 nisi
1035 616 1119 674 illam
1153 615 1224 674 milri
1258 621 1319 676 tam

155 710 352 782 tranquillam
382 711 472 784 lacis,
508 713 602 785 Quam
633 729 714 772 mare
742 713 857 790 olimst,
892 729 979 785 qaam
1012 713 1053 772 ibi
1086 713 1191 772 alcedo
1221 713 1319 787 pallos

158 805 261 866 educit
284 825 361 868 suos.
394 806 477 871 Trin.
501 806 550 886 ΙΙ,
572 814 606 877 4,
633 812 709 874 122;
733 811 1012 872 Primum‘omnium
1036 809 1106 870 alim
1128 817 1212 870 terra
1234 825 1320 882 quom

160 905 379 981 proscinditur,
413 904 510 984 adq.
540 905 560 969 l.
591 906 749 994 Lindema
785 908 889 984 „Olim
912 941 955 952 -
983 924 1087 982 00006,
1122 904 1149 970 si
1184 904 1319 983 quando·

158 999 237 1059 Olim
263 1000 347 1064 enirn
376 1019 423 1080 pr.
454 1001 610 1068 indefiniti
637 1004 792 1083 temporis
819 1003 1021 1084 adverbium,
1045 1001 1254 1083 eliquand0.“
1277 1035 1321 1046 --

161 1095 287 1161 Dicitur
310 1098 406 1162 etiam
429 1102 499 1162 olim
523 1135 561 1146 —
586 1102 735 1176 quondam
758 1109 792 1166 et
813 1105 876 1164 lam
896 1105 974 1164 olim.
1019 1101 1146 1166 Terent
1170 1101 1252 1164 Eun.
1275 1099 1319 1179 11,

159 1196 191 1272 2,
218 1198 270 1258 lb:
296 1197 374 1258 Olim
396 1201 447 1260 isti
470 1199 645 1274 fnitrgeneri
660 1202 809 1274 quasdam
823 1210 966 1278 quaestus
983 1202 1061 1274 apad
1077 1202 1209 1262 saeelum
1225 1201 1319 1276 prius.

162 1290 220 1366 III,
246 1298 275 1370 5,
299 1298 354 1358 ³9:
380 1303 411 1356 et
434 1300 503 1372 quia
531 1300 716 1384 consimilem
740 1302 856 1360 luserat
881 1299 952 1360 Iam
979 1300 1050 1360 oiim
1072 1301 1124 1360 ille
1153 1298 1268 1372 ludum,
1291 1315 1321 1359 v.

157 1389 235 1454 Ero.
260 1389 333 1472 Syn.
358 1392 383 1470 Ι,
406 1398 585 1472 16370.-
601 1397 746 1470 Perpetuo
770 1395 872 1461 Plaut.
897 1396 991 1460 Most.
1015 1393 1079 1475 ΙΙΙ,
1108 1401 1134 1474 l,
1159 1399 1209 1460 23.
1233 1393 1319 1459 Men.

160 1485 198 1564 V,
222 1493 257 1566 9,
280 1493 338 1553 88:
371 1501 403 1553 nt
426 1495 502 1554 liber
526 1499 669 1568 perpetuo
702 1497 784 1555 siem.
830 1492 929 1558 Mera.
954 1513 982 1556 v.
1009 1499 1080 1558 373.
1109 1492 1197 1556 Pers
1221 1490 1264 1567 ΙΙ,
1288 1497 1318 1569 4,

164 1589 213 1648 10.
242 1585 369 1654 Terent.
398 1589 478 1654 Eun.
503 1588 541 1670 V,
566 1596 599 1666 8,
627 1596 680 1655 13;
707 1594 857 1669 Numquid
880 1625 922 1636 -
944 1601 976 1653 tn
1005 1593 1140 1667 dubitas,
1172 1593 1241 1667 quin
1266 1605 1321 1664 ego

160 1703 240 1746 nunc
270 1693 412 1761 perpetuo
440 1690 606 1764 perierim?
650 1691 722 1752 Post
741 1689 823 1769 legg.
847 1689 912 1754 ΙΙΙΙ
938 1690 1001 1755 tab.
1025 1687 1089 1763 ΙΠ,
1118 1686 1158 1752 fr·
1183 1693 1215 1752 2:
1250 1691 1322 1750 Post

160 1783 277 1846 deinde.
322 1784 426 1850 Plaut.
452 1785 523 1850 Aul.
547 1785 596 1865 11,
620 1789 656 1866 2,
681 1792 731 1851 71.
765 1787 932 1866 206111,
957 1791 991 1867 2,
1015 1791 1071 1850 64;
1101 1791 1229 1863 Egomet
1249 1789 1322 1860 post

161 1883 211 1941 u'bi
235 1885 303 1944 illas
330 1886 429 1946 andivi
453 1888 550 1960 loqui,
581 1887 672 1961 Coepi
695 1905 811 1946 rursum
834 1905 953 1948 vorsum
976 1889 1014 1948 ad
1037 1889 1105 1948 illas
1133 1886 1321 1961 pauxillatim

161 1982 319 2042 accedere.
364 1981 559 2052 Menaechin.
588 1980 652 2060 ΙΙΙ,
677 1988 711 2060 2,
736 1987 754 2046 8
779 1979 872 2062 (=v.
897 1985 986 2058 465);
1015 1989 1085 2059 past
1108 1985 1195 2046 adibo
1233 1989 1321 2056 atque

162 2079 319 2153 adloquar.
351 2077 478 2144 Terent.
502 2081 600 2144 Andr.
624 2079 662 2158 V,
687 2087 717 2158 4,
741 2077 796 2146 33:
825 2085 958 2155 postibi
981 2101 1059 2144 nunc
1082 2083 1211 2158 primum
1233 2080 1321 2140 audio

162 2176 240 2248 Quid
263 2179 316 2238 illo
340 2181 379 2240 ait
401 2179 521 2240 iactam.
548 2213 580 2224 -
609 2180 695 2240 Poste
716 2177 819 2242 Plant·
843 2177 940 2243 Merc.
963 2176 1005 2257 ΙΙ,
1030 2183 1059 2257 3,
1077 2181 1134 2243 36:
1157 2180 1244 2238 Poeta
1264 2180 1321 2238 bac

161 2281 251 2334 noete
276 2293 333 2336 uon
358 2278 456 2352 quievi
480 2279 553 2338 satis
578 2295 644 2338 mec
667 2294 703 2338 ex
727 2279 892 2354 sententia,
919 2274 949 2340 h.
973 2295 1000 2342 e.
1024 2279 1203 2355 praeterea.
1249 2273 1322 2336 Ter.

162 2368 262 2435 Andr.
286 2371 345 2451 ΙΙΙ,
371 2378 399 2451 2,
425 2378 461 2437 3:
491 2382 577 2450 poste
602 2376 719 2438 deinde.
764 2375 870 2436 Postea
897 2373 995 2439 NaeV.
1020 2373 1202 2454 Agitatoria
1229 2368 1267 2436 fr.
1294 2375 1321 2448 1,

163 2486 193 2531 v.
218 2473 245 2534 6.
277 2467 357 2534 Cato
380 2487 430 2550 ap.
454 2469 540 2535 Iord.
564 2475 619 2548 52,
645 2477 692 2536 14.
718 2471 798 2535 Eun.
829 2470 939 2551 Epich.
962 2489 992 2536 n.
1016 2475 1045 2536 9.
1077 2470 1147 2536 Ter.
1172 2469 1254 2533 Eun.
1279 2466 1321 2546 ΙΙ,

164 2571 193 2644 3,
218 2572 274 2632 79:
298 2571 368 2646 quid
392 2575 452 2629 tum
470 2573 599 2644 pastea?
644 2568 1173 2647 ad.1v‚1‚1a:qoiooosao.2
1219 2572 1247 2645 5,
1272 2569 1323 2630 26.
1412 2583 1415 2592 ’

162 2666 291 2728 Poetlrm
314 2664 394 2730 Cato
416 2685 466 2747 cp.
492 2668 575 2732 iord.
600 2673 651 2746 36,
677 2673 724 2732 12.
749 2665 864 2734 000011.
888 2667 968 2733 Stat.
989 2664 1217 2732 Pausimachus
1239 2661 1276 2727 ir.
1293 2666 1324 2741 4,

163 2777 191 2822 v.
219 2766 288 2826 140.
312 2761 384 2826 Ter·
408 2765 505 2830 Andr.
529 2766 608 2846 prol.
632 2785 659 2830 v.
685 2770 735 2832 26.
758 2765 839 2829 Eun.
864 2764 902 2842 V,
926 2768 967 2844 2,-
987 2771 1036 2831 59.
1060 2765 1198 2826 Poetldea
1219 2761 1323 2826 Plaut.

166 2857 243 2924 cist.
272 2864 401 2926 caterva
431 2881 460 2926 v.
492 2867 528 2927 3:
568 2868 705 2942 postidea
733 2867 801 2926 loei.
852 2863 946 2926 Truc.
977 2862 1033 2942 IV,
1056 2867 1093 2938 2,
1122 2867 1162 2926 52
1197 2859 1325 2924 dubitat

164 2957 324 3037 Bergkius
348 2957 461 3025 Philol.
489 2966 579 3041 1861,
604 2961 628 3040 Ι,
652 2979 680 3041 p.
699 2966 739 3029 50
763 2965 870 3024 utrum
894 2959 1096 3026 scribendum
1120 2960 1162 3023 sit
1185 2959 1326 3020 Postidea

165 3059 196 3116 in
219 3065 391 3120 temanum
415 3063 546 3122 iniiciam
571 3062 739 3138 quadrupli,
764 3059 906 3138 venefica,
930 3077 971 3123 an
993 3059 1136 3122 Postidea
1157 3075 1211 3133 ego
1234 3064 1264 3116 te
1284 3072 1324 3116 m.

165 3155 217 3216 ini.
262 3156 389 3218 Postilla
417 3156 489 3221 Ter.
513 3158 594 3224 Eun.
618 3157 648 3235 Ι,
673 3162 707 3227 2,
730 3163 780 3222 47.
813 3158 1004 3219 Postmodum
1034 3154 1128 3220 Ennii
1149 3151 1323 3218 Euhemeri

163 3248 203 3315 lr.
229 3258 277 3327 11,
310 3257 359 3318 aa.
389 3255 670 3320 matranorum.
700 3243 871 3335 npid.1v‚
895 3261 927 3333 a,
959 3259 1017 3321 21:
1048 3257 1197 3316 Postremo
1228 3247 1325 3331 (uturp)

165 3353 239 3412 baec
262 3371 328 3414 mea
352 3358 441 3430 culpa
464 3375 521 3416 non
545 3364 600 3418 est.
646 3353 742 3420 Mero.
768 3373 796 3418 v.
821 3357 890 3418 558.
920 3352 1006 3417 Trin,
1029 3351 1088 3422 Ill,
1114 3355 1220 3430 1,12:
1247 3351 1327 3410 Post-

165 3467 247 3510 remo
267 3454 375 3527 edepol
391 3472 445 3528 ego
462 3456 558 3514 istanc
574 3455 611 3514 ad
627 3473 674 3516 me
691 3473 751 3516 rem
777 3458 905 3516 attinere
929 3456 1081 3528 intellego,
1104 3451 1145 3514 ad
1165 3466 1193 3529 q.
1211 3446 1230 3512 l.
1254 3447 1328 3512 Lin-

166 3547 267 3611 dom.:
296 3546 391 3630 ,iurp
438 3549 603 3616 Vocabula
626 3552 708 3616 enim
725 3557 875 3626 postremo
898 3555 932 3614 et
953 3552 1077 3624 deminae
1099 3565 1195 3628 saepe
1218 3546 1328 3610 dicun·

165 3649 229 3723 tur,
252 3661 349 3725 quum
374 3644 554 3728 significare
576 3648 640 3729 vis,
669 3648 746 3712 nihil
770 3645 971 3729 cogitationis
1000 3641 1137 3727 amplius
1167 3644 1326 3723 reliquum

167 3761 256 3821 esse,
286 3761 353 3808 rem
383 3745 449 3810 iam
477 3744 696 3824 ad'liquidum
725 3746 933 3826 perductam,
967 3745 1058 3824 quasi
1085 3749 1123 3810 tu
1152 3743 1256 3808 dicas:
1292 3744 1329 3802 ut

166 3841 319 3921 brevibus
343 3843 551 3924 complectar,
575 3846 612 3906 ut
635 3861 697 3908 uno
720 3842 819 3908 verbo
842 3843 955 3920 dicam,
979 3844 1084 3907 omnia
1100 3842 1216 3907 adhoc
1232 3856 1328 3906 unum

165 3939 334 4006 redeunt.“
383 3941 443 4022 ΙΙΙ,
468 3945 497 4021 2,
522 3944 578 4006 36:
602 3944 643 4003 Et
660 3948 818 4021 postremo,
842 3945 969 4007 nisime
993 3945 1144 4006 auscultas
1160 3943 1250 4018 cett,
1273 3936 1330 4002 ubi

164 4038 274 4104 Lind:
306 4043 362 4120 ,nt
383 4057 451 4103 rem
475 4039 507 4102 in
530 4035 593 4102 fine
618 4039 825 4119 complectar,
856 4045 893 4104 ut
915 4039 1108 4104 sententiam
1130 4053 1235 4102 meam
1256 4038 1329 4098 bre·

165 4138 249 4202 viter
272 4136 459 4217 explicem.“
483 4135 600 4202 caecil.
626 4135 706 4202 Stat.
731 4137 913 4220 Synephebi
935 4137 972 4202 ir·
1001 4145 1026 4213 1,
1049 4155 1078 4201 v.
1102 4139 1174 4200 264.
1198 4133 1328 4198 Terent.
