3076 4762
243 199 303 260 162
682 191 810 234 vaenum.
831 189 894 234 aar.
909 191 959 232 ιιι.

239 384 394 442 semeleter
425 395 533 456 magna
567 381 731 460 diligentia,
766 380 807 446 ad
837 397 867 460 q.
901 381 922 444 l.
953 377 1110 444 Lindem:
1141 375 1201 457 „Iu
1222 373 1402 440 enuntiatis

240 477 397 542 maiorem
419 474 673 542 cohortationem
695 477 932 544 continentibus
954 476 1007 541 vei
1023 474 1204 556 cautionem
1219 471 1401 554 diligentio-

239 591 309 639 rem
330 572 626 652 praescribentibus
647 575 700 640 vel
721 577 875 641 mandata
896 574 994 641 altius
1022 570 1227 654 iungentibus
1254 576 1338 651 part.
1366 573 1402 631 al

240 670 373 752 ponitur
395 668 513 734 omisso
534 671 642 752 verbo,
665 687 763 754 aquo
777 672 948 755 pendean‘
970 670 1125 737 Similiter
1145 667 1233 734 Pers.
1248 667 1287 748 V,
1312 673 1341 748 2,
1362 672 1399 733 9:

240 772 336 843 Quem
356 771 408 844 pol
430 785 486 844 ego
507 774 542 830 ul
562 771 710 834 hominem
732 775 763 832 in
787 775 961 846 cruciatum,
982 773 1014 832 in
1037 770 1189 844 compedis
1211 785 1321 842 copem
1339 765 1399 830 Te·

238 867 321 929 rent.
337 862 473 944 Adelph.
490 863 574 945 ine,
589 869 643 930 16:
667 872 709 931 At
729 874 765 930 ut
780 887 865 931 omne
881 869 996 944 reluat,
1020 863 1091 930 ubet
1114 859 1174 943 bei
1198 877 1228 928 oa
1248 879 1309 928 ont
1324 865 1398 928 cett.

325 960 356 1042 e)
402 965 444 1025 Ul
459 966 585 1038 petitur
604 967 640 1024 ln
659 968 738 1027 cotia
759 969 822 1028 eice
844 969 956 1044 optatis
976 961 1208 1046 significatione
1230 981 1258 1027 v.
1280 963 1398 1022 utinam

239 1061 343 1128 Piaut.
371 1060 467 1125 Poen.
494 1060 552 1141 IV,
580 1065 610 1141 2,
639 1067 697 1128 90:
731 1066 841 1127 Valeas
865 1068 1001 1142 beneque
1028 1069 1063 1125 erl
1090 1065 1130 1124 sit
1155 1064 1219 1122 tihi.
1251 1058 1399 1138 Aquilius

242 1160 378 1225 Boeotis
398 1157 435 1224 fr.
462 1165 494 1230 1:
517 1167 553 1224 el
572 1164 657 1224 illum
687 1163 717 1223 di
746 1163 887 1239 perdant,
915 1165 1029 1240 primus
1057 1163 1108 1238 qni
1135 1163 1224 1222 horas
1254 1159 1398 1234 repperit

241 1256 357 1324 Caecil.
387 1256 468 1323 Stat.
496 1257 677 1324 Nauclerus
703 1257 742 1323 fr.
772 1264 806 1324 2:
840 1263 882 1323 Ut
906 1268 937 1322 te
966 1263 997 1322 di
1026 1277 1128 1323 omnes
1156 1257 1310 1331 infelicent
1333 1271 1401 1315 cum

240 1361 318 1419 male
350 1359 467 1418 monita
499 1353 656 1418 memoria!
689 1355 817 1421 Terent·
852 1355 935 1422 Eun.
975 1356 1017 1436 II,
1053 1361 1081 1436 3,
1118 1360 1170 1419 11:
1195 1357 1237 1416 Ul
1258 1357 1341 1416 illum
1370 1353 1403 1412 di

241 1457 374 1532 deaeque
397 1455 512 1516 nenium
527 1447 670 1528 perolent.
708 1453 824 1519 Hesut.
848 1454 904 1536 IV,
927 1459 956 1526 6,
981 1457 999 1518 6
1023 1471 1086 1534 sq.:
1115 1455 1157 1516 Ul
1177 1461 1207 1514 le
1235 1453 1353 1529 quidem
1370 1450 1401 1510 di

241 1555 377 1628 deaeque
412 1569 515 1612 omnes
550 1583 588 1596 -
620 1552 768 1626 polluent.
814 1551 953 1618 Additur
973 1551 1070 1635 [modo
1096 1549 1223 1617 Phorm.
1253 1547 1280 1629 I,
1312 1551 1342 1627 2,
1365 1551 1400 1612 9:

242 1652 335 1725 Scies,
358 1648 451 1710 Modo
471 1652 629 1710 altenare
646 1651 756 1724 possis.

183 1775 195 1796 ι
325 1745 360 1822 d)
387 1749 447 1808 *Ut
478 1746 633 1806 consillum
665 1749 813 1824 mehele,
847 1749 893 1814 ita
926 1754 963 1814 ut
991 1767 1055 1814 nou
1081 1747 1219 1828 pendeat
1249 1762 1267 1809 e
1300 1742 1400 1807 verbo

240 1859 441 1928 praegresso,
465 1841 556 1906 cuius
572 1842 763 1908 senteutiam
778 1844 938 1927 integram
952 1845 1059 1926 iaciat,
1075 1845 1132 1911 aad
1146 1841 1399 1909 enunciationem

239 1960 300 2025 per
328 1958 364 2006 se
393 1943 556 2004 extantem
587 1937 714 2004 efficiat.
746 1937 794 2020 (ct
821 1946 934 2021 finale).
971 1942 1050 2009 Cato
1084 1943 1121 2007 R.
1149 1947 1176 2004 e
1206 1957 1232 2006 c.
1264 1945 1297 2005 8:
1325 1942 1400 2001 Tor·

241 2043 356 2105 colaria
377 2041 456 2100 hona
483 2040 594 2100 habere
622 2046 742 2114 oportet
767 2045 804 2100 ul
833 2061 906 2118 opus
937 2046 1014 2106 bene
1042 2043 1124 2104 effici
1148 2043 1253 2118 possit.
1282 2037 1344 2103 lb:
1374 2040 1400 2099 si

240 2140 329 2203 orbes
359 2138 483 2198 contriti
511 2139 599 2210 sient,
628 2141 664 2197 el
693 2145 876 2202 commutare
898 2142 1007 2216 poesie.
1036 2137 1070 2202 O.
1101 2143 1137 2204 5:
1167 2144 1225 2202 Pro
1253 2137 1400 2200 beneficio

239 2237 365 2316 gratiam
399 2233 524 2311 referat,
565 2237 601 2295 al
633 2237 701 2296 aliis
735 2243 819 2297 recte
856 2237 958 2300 iacere
993 2237 1092 2297 libeat.
1138 2234 1172 2301 C.
1210 2241 1245 2300 6:
1280 2237 1325 2296 uti
1359 2264 1401 2276 -

239 2335 364 2411 habeus.
385 2330 445 2395 lh:
465 2333 515 2392 'oli
535 2334 592 2392 siet
613 2334 663 2408 qui
687 2335 802 2394 vineam
825 2337 939 2412 alliges.
985 2333 1018 2397 Ο.
1043 2340 1078 2399 7;
1106 2337 1152 2398 tell
1181 2335 1299 2397 stabilia
1322 2335 1401 2395 maie

237 2435 322 2506 fient.
354 2429 388 2495 G.
413 2433 465 2494 33:
489 2430 589 2516 Vitem
610 2432 687 2492 bena
710 2435 868 2494 enodatam
884 2434 1015 2510 deligato
1029 2441 1129 2504 reeta,
1152 2433 1287 2494 fluxuosa
1301 2433 1349 2492 cell
1363 2439 1400 2490 ree·

239 2534 301 2594 siet
345 2525 439 2592 Ennii
461 2525 655 2590 Eumenides
676 2525 713 2591 fr.
738 2532 767 2606 5,
789 2546 819 2592 v.
846 2534 921 2594 189:
949 2536 984 2592 oi
1003 2548 1042 2591 ne
1064 2549 1114 2593 res
1137 2537 1250 2592 temere
1274 2532 1402 2589 tractent

239 2629 385 2690 turbidas.
429 2620 630 2686 Euhemerus
652 2620 691 2686 ir.
715 2631 751 2690 3:
775 2627 810 2687 Id
832 2629 896 2689 eius
919 2631 965 2689 rei
981 2645 1072 2690 causa
1094 2627 1177 2706 iecit,
1199 2629 1247 2688 ali
1269 2628 1307 2687 ad
1330 2641 1400 2687 sans

240 2732 346 2802 gnatos
368 2722 530 2797 imperium·
547 2721 669 2783 rediret.
714 2719 751 2786 fr.
775 2726 809 2787 8:
834 2727 893 2788 Ubi
916 2727 1053 2802 Iuppiter
1075 2727 1217 2802 Neptune
1240 2724 1398 2799 imperium

240 2824 291 2884 dat
313 2822 413 2894 manin,
436 2823 472 2879 et
491 2819 521 2878 in
541 2819 647 2880 insulis
669 2823 805 2883 omnibus
830 2853 868 2868 -
891 2829 1039 2897 reptaret.
1070 2821 1174 2887 Plaut.
1187 2819 1301 2901 Amph.
1318 2817 1398 2900 prol.

239 2935 267 2981 v.
293 2921 323 2980 9.
345 2915 372 2994 Ι,
398 2920 425 2994 1,
451 2918 521 2978 184.
545 2918 575 2994 3,
598 2918 652 2978 26;
675 2919 723 2977 Ex
745 2937 791 2978 me
818 2923 916 2996 primo
943 2919 1002 2997 [ul]
1029 2924 1127 2998 prima
1148 2919 1255 2998 scires,
1279 2937 1343 2980 rem
1366 2926 1399 2978 ut

239 3018 397 3092 gessissem
418 3015 580 3089 puplicam.
627 3015 669 3075 Ue
697 3013 821 3080 addidit
843 3015 1080 3083 Fleckeisenus.
1106 3016 1195 3082 Asin.
1218 3015 1261 3091 II,
1283 3019 1316 3094 4,
1340 3019 1398 3079 37:

238 3115 314 3175 llam
336 3113 472 3184 retineri,
495 3115 532 3170 eet
553 3113 632 3186 quod
655 3114 695 3172 sit
717 3115 773 3174 sibi
790 3117 890 3191 operia
907 3120 1037 3178 locatum
1052 3119 1192 3190 ecfieerel,
1215 3111 1270 3179 ubi
1285 3119 1321 3176 et
1334 3129 1399 3176 non

238 3209 373 3274 muitum
401 3205 508 3272 differt
541 3224 562 3271 s
591 3209 689 3271 denec.
733 3209 806 3274 Ani.
831 3210 886 3292 IV,
913 3216 964 3289 10,
989 3219 1024 3280 9:
1050 3217 1085 3276 id
1112 3216 1188 3277 adeo
1219 3219 1249 3276 te
1279 3220 1399 3274 oratum
1518 3295 1519 3300 ἵ

239 3311 374 3380 advenio,
396 3309 432 3368 ot
453 3307 551 3366 animo
574 3323 670 3382 aequo
690 3307 827 3381 ipaosoaa
847 3311 928 3371 mihi.
950 3309 1045 3392 Epid.
1068 3311 1111 3382 ΙΙ,
1135 3317 1164 3390 2,
1181 3315 1236 3376 94:
1261 3311 1397 3386 illenim

233 3408 403 3482 praesentes
432 3408 567 3476 argento.
599 3400 659 3480 ΙΙΙ,
688 3407 717 3482 3,
745 3409 782 3468 4:
809 3405 925 3470 Bacch.
956 3405 1011 3487 IV,
1042 3413 1072 3490 6,
1102 3414 1151 3473 10.
1173 3407 1258 3473 Men.
1281 3407 1343 3490 ΠΙ,
1368 3411 1396 3486 3,

239 3505 297 3568 32:
330 3503 381 3569 Ut,
410 3503 436 3562 si
464 3507 627 3574 sequentur
655 3514 712 3576 me,
739 3503 796 3564 hae
821 3506 920 3566 abisse
948 3511 1093 3568 meconi.
1116 3505 1212 3572 Most.
1236 3505 1262 3586 I,
1287 3509 1317 3578 3,
1340 3505 1396 3570 86:

239 3601 283 3662 Ul
302 3599 403 3659 alcen
418 3612 484 3658 eum
506 3597 678 3658 medullitus
704 3615 750 3660 me
773 3617 883 3662 amane
906 3599 975 3667 Mil.
997 3621 1027 3668 v.
1053 3603 1150 3671 1192:
1174 3623 1230 3682 ago
1253 3605 1340 3680 odeo,
1362 3603 1397 3666 al

237 3702 271 3757 tu
292 3697 378 3769 selae
401 3695 525 3755 Prosum
548 3694 683 3758 Athenas
704 3699 853 3771 protinam
876 3701 963 3763 abibo
988 3707 1099 3777 techni,
1127 3697 1182 3766 ubi
1211 3699 1395 3766 enuncietio

235 3805 295 3873 per
316 3797 353 3853 ul
371 3789 457 3856 elata
477 3789 623 3868 prolasin
645 3787 750 3870 efficit,
784 3807 813 3857 r.
836 3794 982 3862 Mueller.
1004 3795 1157 3864 iniahnii
1172 3797 1279 3865 annal.
1302 3801 1395 3875 1661,

237 3892 314 3956 sect.
337 3892 368 3966 4,
390 3903 421 3966 p.
444 3887 516 3958 273.
546 3885 645 3953 hiere.
668 3885 713 3969 11,
736 3894 766 3969 n,
790 3893 845 3956 2⁷:
868 3895 961 3959 Immo
983 3901 1018 3959 at
1039 3899 1127 3968 selue,
1149 3899 1253 3961 Oculis
1277 3911 1394 3977 queque

237 3987 328 4050 otiam
350 3987 418 4061 plus
440 3987 500 4046 iam
521 3987 609 4048 video
630 3991 717 4063 quam
739 3992 833 4064 priua.
857 3989 994 4071 Poeni,
1011 3994 1114 4065 ml:
1138 3993 1215 4072 Quid
1231 4006 1267 4057 eo
1283 3991 1395 4074 opunti
1516 3983 1517 3991 ἵ

235 4083 297 4148 nii.
321 4093 377 4162 epo
399 4084 513 4144 usam:
535 4087 571 4144 ec
591 4086 638 4170 utu
659 4093 690 4147 ee
712 4087 767 4148 nni
789 4088 886 4149 ome·
901 4101 1001 4169 espen
1019 4091 1076 4172 nv,
1098 4093 1129 4173 a,
1153 4093 1203 4158 rr.
1231 4091 1270 4174 v,
1286 4095 1317 4170 n,
1334 4095 1396 4158 ose
1515 4077 1516 4120 ³

243 4177 287 4246 Ul
305 4185 423 4248 mam
446 4181 546 4254 [σῶοί
566 4187 656 4259 atque
684 4189 720 4245 ei
747 4183 928 4252 iinmeritam
955 4195 1053 4256 melei.
1083 4184 1122 4270 V,
1152 4193 1181 4272 2,
1209 4195 1266 4258 69:
1294 4193 1395 4256 Atat
