3076 4762
681 189 808 231 nasum.
837 191 901 233 cte.
914 190 953 231 xl.

400 377 502 455 [Num]
524 379 602 456 siqui
625 381 753 456 palmum
776 380 910 440 ambissit
930 381 1141 440 histrionibus:
1165 407 1208 458 7-

401 475 436 535 St
458 479 615 554 quoiquam
640 477 749 538 artifici
772 493 825 538 seu
848 494 903 552 per
919 480 1056 551 scriptas
1077 478 1183 536 literas

406 573 465 634 Sem
486 579 535 650 qui
557 575 623 650 ipse
646 573 780 634 ambissit
801 591 854 635 seu
876 593 932 651 per
954 575 1185 633 internuntium:

405 669 474 746 Sive
495 672 571 733 adeo
589 671 702 732 sedites
724 671 886 746 perfidiose
909 674 978 747 quoi
999 670 1103 731 dalet:

404 769 554 850 Sireuipse
577 771 673 844 legem
694 769 784 830 iussit
803 785 864 830 esse
886 770 1038 844 luppiter,

404 867 612 942 Magistratus
637 866 724 938 evasi
746 867 803 926 sibi
828 868 954 927 alterive
977 865 1141 924 ambiacrit.

232 965 315 1032 Rue.
339 962 378 1043 V,
402 967 431 1041 3,
455 965 495 1026 22
518 977 603 1043 squ:
638 962 673 1022 Si
699 964 830 1024 vidulum
853 965 939 1048 Hunc
960 962 1135 1035 redepissem
1157 965 1186 1022 in
1210 968 1391 1038 potestatem

233 1069 307 1138 eins,
340 1064 473 1124 iuratust
502 1061 585 1126 darc¹
599 1063 674 1122 Mihi
708 1062 853 1122 talentum
888 1079 1024 1135 magnum
1060 1062 1190 1134 urgenti,
1225 1074 1307 1137 quse
1341 1063 1391 1121 est

233 1159 373 1239 sumptio
402 1155 508 1222 dandi.
553 1155 747 1235 imperfecte
773 1161 823 1224 est
850 1155 952 1220 oratio
983 1154 1112 1234 oblique
1141 1154 1255 1219 Pseud.
1278 1154 1334 1234 IV,
1359 1157 1390 1233 8,

234 1264 270 1326 5:
294 1261 375 1334 Ques
395 1255 544 1330 promissi,
566 1256 593 1314 st
615 1254 769 1327 refecisset.
908 1299 910 1305 n

320 1372 349 1434 g.
386 1353 622 1438 anmiate'oucs
645 1351 825 1425 temporales.
869 1348 997 1414 Terent.
1022 1345 1119 1412 Andr.
1144 1348 1187 1426 ΙΙ,
1210 1355 1239 1429 3,
1264 1354 1282 1413 2
1307 1366 1390 1429 squ:

233 1454 268 1518 Si
289 1455 320 1514 id
342 1451 512 1511 suscenseat
531 1465 625 1525 nune,
647 1451 716 1524 quis
739 1467 798 1508 non
820 1448 868 1508 det
894 1450 948 1509 tibi
972 1466 1094 1518 uxorem
1117 1447 1272 1517 chremes,
1299 1447 1391 1508 Prius

233 1568 324 1627 paam
346 1555 426 1608 tuom
450 1553 483 1606 ut
506 1562 571 1606 sese
595 1546 702 1608 babeat
723 1548 852 1606 enimnm
875 1549 913 1606 sd
936 1549 1055 1623 nuptias
1071 1546 1272 1620 perspexerit:
1303 1547 1390 1621 ipsus

234 1651 292 1712 sibi
320 1663 386 1706 esse
409 1645 535 1703 iniurius
556 1641 708 1720 videatur,
738 1641 795 1706 ubi
822 1646 1011 1718 perspexerit
1036 1647 1086 1706 est
1107 1641 1165 1705 fut.
1190 1641 1293 1706 exacti
1317 1659 1390 1706 con·

232 1741 401 1808 iunctivns.
446 1737 573 1802 Terent.
597 1734 730 1818 Adelph.
754 1736 814 1817 ΙΙΙ,
839 1744 868 1819 3,
892 1745 947 1804 43:
982 1749 1112 1803 autnon
1137 1757 1190 1800 sex
1213 1742 1285 1800 totis
1307 1757 1390 1803 men-

234 1846 315 1908 sibus
336 1841 422 1901 Prius
444 1836 619 1910 olfecissem,
650 1853 737 1911 quum
760 1839 811 1898 ille
842 1840 1000 1914 quicquum
1022 1839 1170 1912 coeperet?
1215 1835 1339 1900 Phorm.
1363 1833 1390 1914 I,

234 1945 265 2020 2,
287 1940 342 2003 40:
366 1938 415 1998 hic
436 1934 602 2011 solebamus
624 1931 689 1992 tere
704 1935 882 2010 Plerumque
899 1953 964 1995 eum
980 1938 1124 2012 opperiri,
1146 1937 1216 1996 duem
1238 1936 1307 1998 inde
1329 1935 1389 1994 iret

236 2038 380 2106 domurn.¹
410 2029 447 2094 In
470 2027 615 2098 oratioue
639 2027 768 2108 oblique
790 2029 895 2094 Pleut.
919 2029 1018 2096 Mero.
1041 2030 1066 2106 1,
1093 2037 1120 2110 1,
1145 2036 1182 2094 61
1209 2047 1290 2112 squ:

404 2129 476 2192 Sese
499 2131 649 2203 extemplo
672 2145 709 2198 ex
732 2129 855 2203 ephebis
875 2134 1031 2204 postquam
1053 2127 1221 2198 recesserit,

405 2229 482 2302 Non,
506 2232 539 2286 ut
562 2243 627 2303 ego,
649 2227 744 2287 emori
767 2244 863 2302 neque
887 2229 1020 2288 desidiae
1042 2229 1073 2286 in
1097 2231 1157 2289 otio

409 2327 538 2401 Operum
562 2324 689 2384 dedisse.

234 2445 263 2492 v.
287 2428 327 2489 67
350 2438 432 2502 sqqs
1208 2501 1214 2509 .

337 2528 385 2584 67.
410 2523 559 2594 extemplo
582 2520 660 2596 inde,
683 2522 718 2578 at
737 2520 925 2594 spectavisset
944 2523 1079 2596 peplum,

333 2625 384 2681 68.
407 2620 469 2678 Rus
492 2633 593 2686 rusum
615 2614 772 2676 confestim
796 2620 874 2694 exigi
895 2619 1013 2678 sotitmu
1035 2635 1053 2678 e
1075 2627 1162 2695 petre

334 2721 385 2783 69.
407 2715 453 2775 lbi
474 2713 568 2772 multo
590 2713 716 2787 primum
741 2730 807 2774 sese
829 2713 1017 2776 familiarium

334 2820 385 2883 70.
408 2809 617 2880 Lavacrum,
638 2825 725 2882 avom
747 2809 823 2872 hsee
844 2822 935 2887 peter
957 2815 1014 2874 sibi
1036 2813 1160 2876 diceret„
1232 2879 1237 2884 ,

237 2915 362 2990 Deinde
383 2936 411 2986 v.
436 2920 476 2984 73
499 2932 583 2997 sqq.:

335 3023 387 3082 73.
409 3020 568 3090 Postquam
589 3018 711 3076 recesset
731 3017 792 3078 uite
812 3017 911 3092 petrio
933 3032 1077 3091 corpure,

334 3123 385 3181 74.
408 3122 519 3193 Agrum
544 3131 576 3174 66
599 3113 769 3174 vendidisse
792 3119 881 3188 etque
904 3128 940 3173 66
961 3115 1090 3186 pecunie

337 3219 387 3278 76.
410 3215 532 3284 lienem,
555 3215 700 3270 metretas
724 3227 799 3286 quse
822 3217 974 3269 trecentus
996 3209 1120 3281 tolleret,

341 3315 390 3372 76,
413 3311 551 3384 Peresse,
575 3313 664 3382 etque
688 3323 725 3366 ea
746 3322 778 3366 se
801 3308 909 3366 mercis
932 3313 1080 3366 vestatum
1104 3307 1233 3382 undique

340 3412 391 3470 78.
415 3406 499 3466 Adeo
522 3404 600 3469 dvm,
623 3420 697 3478 quse
720 3410 782 3462 tum
806 3403 933 3470 baberet,
948 3403 1113 3478 peperisset
1133 3404 1219 3464 bons.

253 3531 256 3538 ⁴
337 3509 389 3567 79.
412 3504 463 3562 Μ6
486 3502 563 3560 idem
587 3501 695 3560 decere
719 3501 755 3572 si,
778 3506 812 3559 ut
832 3499 945 3560 deceret
965 3516 1022 3573 me,
1045 3499 1149 3571 sorem,

241 3605 283 3670 Η.
305 3602 327 3666 Ι.
350 3621 378 3666 v.
404 3602 444 3663 67
469 3595 572 3677 plusq.
595 3597 782 3670 spectavisset
809 3598 843 3658 et
872 3594 940 3660 sine
968 3594 1065 3659 dubio
1091 3595 1187 3660 etiem
1216 3614 1245 3659 v.
1271 3600 1312 3661 70
1339 3596 1398 3660 im·

240 3698 320 3784 pers.
350 3700 458 3760 diceet
483 3693 529 3761 de.
552 3691 692 3771 repetite
717 3691 844 3756 actione
872 3691 1074 3772 dictumest,
1109 3692 1166 3757 sed
1182 3699 1342 3768 postquam
1366 3712 1394 3758 r.

242 3804 281 3866 61
318 3814 389 3862 rum
422 3788 575 3874 perfecto,
607 3805 636 3852 v.
673 3792 712 3852 73
747 3805 818 3852 enm
851 3787 954 3868 plusq.
986 3790 1064 3854 coni.
1100 3794 1150 3855 est
1184 3791 1396 3872 coniunctum,

243 3908 434 3979 quemquem
466 3885 635 3965 utrobique
665 3884 705 3948 de
728 3901 857 3959 unser
878 3902 940 3960 non
962 3885 1101 3968 repetitu
1122 3885 1249 3952 actione
1271 3887 1396 3952 dicitnr.

242 3991 333 4060 Asin.
355 3989 398 4068 ΙΙ,
411 3991 451 4064 ,4,
475 3987 531 4048 36:
564 3982 661 4043 Aibat
686 3983 821 4049 recidere,
850 3999 937 4056 Quom
964 3987 1114 4061 extemplo
1139 3985 1288 4045 redditam
1310 3990 1397 4047 esset:

243 4094 318 4154 Nem
341 4084 476 4155 retineri,
501 4088 533 4141 ut
556 4080 633 4155 quod
655 4080 696 4140 sr’t
716 4081 771 4141 sibi
795 4082 895 4156 operis
918 4083 1047 4140 locutum
1070 4081 1206 4153 reficeret.

328 4183 359 4246 h.
395 4179 629 4243 Eammatioms
654 4177 805 4238 relativae.
851 4171 1006 4238 Convenit
1033 4192 1187 4255 praesens
1213 4194 1285 4242 cum
1307 4193 1399 4258 pree·
