3036 4766
227 165 288 226 364
515 155 577 196 (lAP.
591 156 637 195 XV.
664 154 813 196 uocantur
842 152 1095 194 nnuncluuloaum

310 345 340 410 b.
386 343 498 410 Potest
518 363 631 422 causa,
660 343 819 422 1611111
841 361 909 418 erpo
933 339 1086 420 refertur,
1115 345 1229 421 postea
1258 338 1387 403 demum

227 443 319 521 addi,
348 443 452 522 ipsum
480 446 589 507 autem
616 440 789 521 praemitti.
835 439 949 520 Amph.
972 439 1004 517 l,
1032 445 1057 518 l,
1086 444 1161 506 122:
1193 443 1279 514 Ergo
1308 441 1386 500 istae

229 545 332 618 magis,
357 545 432 616 Quia
456 540 627 613 vanilocu's,
651 542 816 615 vapulabis.

313 656 337 703 c.
383 637 568 716 Usurpatur
590 636 623 703 in
646 633 841 702 conficiendo
857 633 1136 716 argumentatione
1152 635 1233 699 etin
1249 633 1386 702 finienda

228 735 438 802 conclusione.
483 733 638 814 Exempla
659 733 732 798 vide
754 751 804 813 ap.
828 731 987 796 Handium
1011 750 1041 812 p.
1065 738 1245 798 ‹tau—449.
1331 803 1336 808 ,

313 832 343 896 d.
397 831 468 896 Alia
508 837 653 912 potestas
694 831 789 902 huius
833 830 980 896 vocabuli
1023 827 1294 896 confirmationem
1340 831 1387 895 rei

228 948 323 996 verae
359 927 496 994 exhibet.
561 933 668 1010 Atque
701 929 734 994 in
776 928 945 994 sententiis
984 946 1053 993 rem
1087 928 1268 992 universam
1303 926 1389 993 1161-
1492 959 1494 1006 η

1491 667 1494 710 l

1490 759 1494 954 l

228 1027 390 1092 mantibus
420 1033 609 1106 usurpatur,
641 1029 697 1092 sed
726 1027 823 1092 etiam
851 1027 883 1090 in
911 1027 1023 1105 quavis
1051 1026 1251 1092 dubitatione
1279 1026 1384 1108 expel-
1493 1063 1494 1074 .

94 1175 96 1181 ,
228 1125 333 1190 lenda.
358 1122 630 1204 Amph.l,1,·20:
661 1129 747 1201 Ergo
771 1128 801 1184 iu
825 1127 969 1186 servitute
993 1133 1138 1202 expetunt
1160 1129 1254 1186 multa
1276 1129 1384 1202 iniqua

230 1224 311 1288 Rud.
334 1223 375 1301 ΙΙ,
393 1229 421 1300 3,
439 1227 493 1287 71:
516 1227 602 1299 Ergo
622 1228 737 1285 animus
760 1241 871 1300 aequos
895 1231 1078 1298 optumumst
1101 1243 1261 1285 aerumnae
1285 1227 1386 1286 coadi-

230 1333 371 1385 mentum.
460 1345 465 1350 ’

315 1437 342 1482 e.
385 1417 437 1481 lta
460 1434 517 1498 per
539 1436 608 1493 erpo
637 1417 768 1482 additur
790 1415 961 1482 affirmatio
991 1416 1056 1496 rei,
1085 1433 1170 1497 quae
1197 1423 1255 1483 aut
1277 1417 1387 1498 negari

231 1523 289 1581 aut
315 1516 396 1580 mira
425 1533 496 1581 esse
526 1514 660 1580 videtur.
707 1514 798 1594 Quod
829 1515 929 1580 etiam
956 1519 1025 1579 tum
1047 1512 1119 1579 fieri
1140 1519 1267 1596 potest,
1291 1533 1386 1594 quum

230 1614 398 1691 sententia,
422 1615 462 1679 ad
486 1630 581 1693 quam
604 1615 820 1694 comprobatio
844 1613 1015 1692 referatur,
1039 1612 1159 1678 omissa
1180 1618 1238 1677 est.
1272 1611 1385 1676 Bacch.

230 1712 290 1790 Ill,
316 1701 345 1791 6,
369 1717 426 1776 39:
450 1715 532 1774 Duas
555 1731 623 1788 erpo
646 1715 694 1774 hic
716 1717 797 1776 intus
819 1731 907 1775 eccas
930 1713 1104 1773 Bacchides.

317 1806 338 1872 f.
383 1805 561 1873 affirmatio
600 1810 747 1890 augescit
783 1809 902 1874 additis
934 1808 1100 1874 vocabulis
1141 1808 1387 1873 asseverationis

228 1908 378 1984 mosetto,
401 1907 515 1984 admei,
544 1913 665 1976 acosma,
695 1911 799 1970 hercle.
844 1907 903 1972 Mil
925 1907 956 1986 1,
980 1911 1007 1987 l,
1031 1910 1088 1971 63:
1123 1909 1219 1983 ‘Ergo
1240 1920 1389 1969 mecastor

231 2009 339 2082 pulcer
362 2003 417 2066 est’
441 2005 537 2080 inquit
560 2007 632 2064 mihi
654 2007 695 2066 Et
718 2009 862 2086 liberalis,
888 2005 948 2071 ubi·
964 2004 1073 2070 Lind:
1102 2005 1209 2086 „Ergo
1224 2029 1268 2058 =
1290 2009 1388 2084 carto,

233 2119 365 2180 revera,
382 2105 417 2165 ut
439 2117 547 2181 saepe.
570 2100 616 2166 cf.
641 2104 752 2169 Dousa
774 2103 877 2169 Plaut.
902 2103 984 2183 expl.
1008 2102 1072 2182 ΙΙΙ,
1097 2100 1148 2164 7.“

319 2218 349 2281 g.
394 2196 573 2264 Affirmatio
595 2205 703 2284 potest
724 2201 757 2266 in
780 2220 852 2267 aum
876 2202 1005 2265 modum
1028 2200 1166 2280 intendi,
1196 2205 1324 2272 utres,
1351 2201 1389 2265 de
1493 2171 1494 2174 Ἴ

232 2315 295 2378 qua
317 2298 492 2378 loquimur,
523 2301 684 2378 tamquam
709 2299 824 2364 eximia
846 2298 1030 2365 distinctius
1060 2297 1247 2380 designetur
1271 2303 1328 2364 aut
1349 2299 1389 2363 ab

232 2397 317 2461 omni
340 2395 539 2462 dubitatione
562 2401 687 2462 remota
708 2415 768 2478 per
790 2415 825 2462 se
847 2395 985 2477 intelligi
1007 2397 1216 2462 existimetur.
1264 2397 1389 2462 Terent.

231 2494 330 2559 Andr.
354 2493 392 2573 V,
416 2498 445 2565 2,
468 2497 504 2558 9:
529 2497 648 2556 Mihin?
692 2493 830 2568 11111
854 2512 932 2570 ergo.

317 2589 348 2654 h.
392 2588 581 2656 affirmandi
603 2592 651 2658 vis
674 2593 808 2657 inservit
829 2590 1040 2672 indignationi
1063 2595 1096 2655 et
1118 2591 1248 2658 ironiae.
1286 2592 1390 2657 Plaut.
1492 2631 1493 2680 3

233 2688 350 2753 Bacch.
372 2687 398 2766 1,
424 2692 452 2767 2,
480 2693 532 2751 ll:
555 2675 650 2751 Nemo
672 2709 741 2765 erqo
764 2694 818 2752 tihi
842 2695 905 2753 Hoc
929 2694 1094 2768 adparavit.

317 2786 335 2848 i.
388 2784 601 2866 Coniungitur
640 2806 711 2852 cum
746 2788 951 2868 imperativo,
985 2808 1014 2852 v.
1049 2787 1152 2854 Hand.
1192 2805 1222 2868 p.
1255 2792 1316 2851 451
1342 2804 1389 2865 sq.

235 2883 318 2946 Men.
342 2882 389 2959 ΙΙ,
414 2888 450 2961 3,
475 2887 523 2946 76.
550 2884 616 2947 llil.
640 2885 690 2964 ll,
714 2890 750 2966 2,
776 2890 846 2950 100.
870 2885 968 2950 Mero.
993 2886 1031 2965 V,
1055 2892 1090 2964 2,
1116 2891 1183 2950 114.
1207 2885 1323 2950 Pseud.
1347 2883 1388 2959 ΙΙ,

233 2985 270 3061 2,
300 2986 355 3046 57:
395 2982 479 3041 Doto.
517 2984 615 3046 istunc
650 2986 813 3046 sumbolum
853 3003 922 3062 erpo
961 2987 1015 3046 illi.
1069 2984 1161 3048 Pers.
1187 2983 1238 3064 ΙΙ,
1267 2989 1302 3062 2,
1334 2988 1387 3047 57:

232 3083 281 3144 dic
304 3100 384 3158 ergo.
827 3143 831 3150 ,

317 3178 347 3242 k.
395 3177 497 3258 Saepe
520 3197 590 3255 erpo
613 3179 813 3259 componitur
836 3197 907 3245 cum
929 3179 1027 3244 verbo
1050 3197 1113 3256 ope.
1150 3178 1335 3257 Mostlll,
1361 3185 1388 3257 1,

236 3279 311 3341 133:
334 3277 400 3352 Ape
422 3280 648 3340 comminiscere
672 3297 750 3354 argo.

233 3429 236 3434 .
317 3373 337 3437 l.
383 3371 611 3439 Coniunctivus
635 3380 669 3440 et
690 3375 833 3440 futurum
857 3377 967 3441 eodem
991 3377 1084 3440 modo
1108 3381 1305 3456 usurpatur,
1329 3393 1388 3455 quo
1489 3421 1490 3432 .

229 3471 448 3551 imperativus.
472 3471 587 3551 Mill,
614 3479 641 3547 1,
666 3478 720 3538 78:
744 3480 807 3552 age
831 3493 932 3538 eomas
954 3493 1030 3549 erpo.
1054 3474 1095 3554 ll,
1113 3480 1141 3552 5,
1165 3477 1206 3537 66
1229 3473 1275 3555 (v.
1295 3474 1388 3555 416);

230 3575 317 3646 Ergo
340 3572 365 3631 si
389 3573 484 3646 sapis,
508 3535 693 3634 Mardonia.
901 3568 903 3572 ’

318 3685 358 3732 m.
405 3667 538 3744 Ponitur
568 3670 600 3734 in
627 3669 892 3752 interrogatione,
920 3689 948 3734 v.
976 3668 1078 3734 Hand.
1109 3687 1137 3748 p.
1162 3671 1235 3734 453.
1274 3669 1387 3736 Bacch.
1488 3735 1489 3746 ,

230 3765 286 3842 IV,
311 3772 348 3846 4,
372 3770 426 3830 58:
450 3771 508 3830 Ubi
532 3788 609 3832 nunc
633 3773 837 3832 Mnesilochus
867 3768 988 3846 ergoet?
1032 3765 1088 3846 IV,
1113 3772 1149 3847 2,
1174 3771 1210 3832 6:
1245 3773 1387 3834 Utramua

231 3866 321 3941 ergo?
364 3872 403 3941 4,
429 3869 485 3930 38:
515 3869 628 3944 Nempe
653 3887 721 3945 erpo
744 3872 801 3932 hoc
825 3879 856 3932 ut
878 3871 994 3930 iaceret
1022 3869 1101 3944 quod
1123 3867 1252 3943 loquor?
1297 3866 1388 3930 Most.

232 3961 273 4042 II,
299 3967 327 4042 2,
352 3967 391 4027 59
417 3980 481 4042 sq.:
506 3966 558 4025 Ait
581 3969 699 4029 venisse
723 3971 805 4029 illum
829 3970 860 4028 in
883 3970 994 4030 somnis
1015 3969 1054 4028 ad
1076 3985 1110 4027 se
1132 3972 1288 4026 mortuom.
1324 3963 1388 4026 TH.

230 4062 346 4138 Nempe
369 4081 438 4138 erpo
464 4064 493 4122 in
525 4065 656 4127 somnis?
700 4062 755 4134 IV.
779 4069 814 4142 2,
839 4068 896 4129 56:
924 4067 1154 4127 Philolachesne
1177 4065 1266 4144 erpo?
1310 4061 1387 4126 Rud.

230 4156 289 4233 ΙΙΙ,
313 4165 341 4237 3,
367 4164 421 4224 56:
446 4163 539 4238 Quum
563 4179 629 4222 mox
653 4166 692 4224 mi
715 4175 871 4239 argentum
895 4181 963 4239 erpo
985 4164 1144 4225 redditur?
