3048 4770
242 137 305 199 242
531 129 594 170 ΟΑΡ,
608 129 655 170 XV.
682 127 830 169 noouelnn
858 128 1110 169 uneholu'rlonuu.

241 323 301 384 est.
348 317 400 384 sic
421 317 525 384 Plane.
549 315 640 399 Gapt.
663 317 718 396 IV,
741 323 776 397 4,
800 322 836 382 3:
866 319 977 380 Cocum
1007 321 1256 395 percontabatur,
1279 324 1402 394 possent

243 421 340 480 seriae
369 418 550 480 fervescere.
596 415 724 480 Terent.
754 413 888 496 Adelph.
911 415 966 494 IV,
981 422 1024 494 ’4,
1056 420 1111 481 11:
1134 418 1247 492 rogito,
1277 447 1322 457 —
1344 415 1400 474 iarn

242 524 348 592 portus
371 519 486 590 adsiet,
508 513 540 578 h.
565 533 593 578 e.
616 533 685 575 num
707 517 765 575 iam
790 532 814 578 s.
837 516 945 576 iamne.

255 641 259 646 ·
330 611 361 676 b.
405 614 671 688 Interroqoiiooca
694 614 801 687 quihus
823 615 875 686 poc·
896 614 1137 686 interrogaturos
1157 612 1191 671 id
1211 611 1290 684 quod
1309 610 1402 670 aecer

242 712 423 784 sordicium
445 712 498 770 aed
519 711 754 787 admirationem,
778 711 1021 784 indignationem,
1045 711 1223 783 irrisimus,
1245 709 1401 782 reprohen-
1491 751 1492 812 ἦ

241 811 352 871 marm
379 811 426 868 vel
453 812 551 872 simio
579 809 721 883 pandum
750 809 900 882 exprimit.
958 795 1026 871 Liv.
1055 805 1153 870 Andr.
1189 805 1228 871 fr.
1257 803 1400 870 Danaes:

243 910 333 968 etiam
357 909 498 968 minitas?
521 901 736 988 (indignatio).
766 903 861 968 Ennii
884 904 1032 970 Hectoris
1055 903 1159 968 lustra
1181 901 1218 968 ir.
1238 909 1292 968 18:
1315 913 1402 964 tneor

244 1009 274 1064 to
297 1005 410 1065 senex?
431 1001 636 1082 (admiratio).
661 1001 847 1083 Iphigeniae
872 1000 910 1066 ir.
937 1007 972 1067 2:
1253 1011 1257 1016 “

286 1105 431 1164 Procede:
459 1103 582 1179 gradum
606 1102 743 1179 proferro
765 1103 874 1179 pedum

285 1203 406 1263 Niterc:
429 1219 534 1279 cosae,
557 1202 649 1262 ofide
673 1201 788 1262 senex?
810 1198 907 1275 (Fert.
928 1215 957 1278 p·
971 1203 1033 1263 294
1045 1199 1118 1278 Μ),
1141 1195 1360 1277 reprehensio.
1414 1203 1418 1212 “

241 1296 296 1361 Fr.
321 1304 354 1363 7:
383 1301 540 1361 Menelaus
571 1316 619 1361 me
649 1295 810 1374 obiurgat?
838 1293 1058 1377 (surianus
1089 1295 1328 1376 „uganactesis,
1356 1295 1401 1358 in·

243 1395 432 1476 ingratior)
477 1397 530 1460 Fr.
554 1400 591 1460 8:
614 1399 680 1472 Ego
701 1399 863 1472 proiector‚
887 1397 965 1472 quod
988 1404 1019 1456 tu
1042 1414 1165 1473 peccas:
1188 1404 1220 1455 tu
1243 1395 1402 1470 delinquis,

243 1513 298 1570 ego
330 1496 459 1571 arguor?
503 1497 562 1556 Pro
590 1494 757 1556 malefactis
779 1496 897 1554 Helena
929 1496 1051 1569 redeat,
1079 1495 1163 1572 uirgo
1188 1499 1296 1569 pereat
1317 1495 1401 1553 iuno-

246 1593 339 1653 ceus?
360 1594 425 1652 Tua
448 1593 661 1656 reconcilietur
684 1610 768 1664 uxor,
792 1609 859 1653 urea
880 1599 1007 1653 necetur
1027 1591 1112 1652 iilia?
1139 1588 1263 1669 (interr.
1292 1607 1402 1668 repre·

242 1687 422 1768 hensionis,
445 1692 482 1751 tu
503 1688 649 1768 postulas
671 1705 691 1754 a
714 1705 776 1768 rue,
799 1692 836 1753 ut
858 1691 955 1760 cett).
979 1686 1083 1753 Plaut.
1107 1685 1220 1768 Amph.
1236 1686 1262 1766 Ι,
1282 1691 1309 1766 Ι,
1325 1691 1400 1750 22οε
1492 1725 1493 1738 ι

242 1789 343 1848 Etiam
373 1791 502 1862 olannus,
533 1784 697 1849 cornutexi
727 1787 937 1867 (indignatio).
981 1804 1010 1848 v.
1039 1791 1119 1852 225:
1148 1789 1248 1848 Etiam
1276 1786 1401 1848 mutuis?

244 1881 485 1964 (reprehensio).
530 1882 618 1948 Pers.
641 1882 680 1960 V,
704 1889 733 1964 2,
757 1888 813 1947 43:
836 1887 937 1946 Etiam
960 1888 1059 1960 mutis,
1082 1885 1259 1962 impudens?
1286 1881 1400 1962 Amph.

242 1981 270 2062 l,
297 1988 323 2060 l,
347 1983 427 2044 238:
451 1984 541 2042 etiam
564 1984 699 2061 denuoi,
721 1981 752 2045 h.
778 1999 804 2046 e.
829 1981 936 2059 Quid?
966 1986 1003 2046 tu
1025 1983 1121 2047 etiarn
1146 1982 1250 2046 denuo
1272 1981 1334 2044 hoo
1356 1978 1400 2043 di-

244 2097 318 2146 uere
340 2077 474 2156 conosi,
497 2077 608 2143 interr.
631 2079 833 2161 indignantis.
857 2098 886 2144 r.
900 2085 976 2145 254:
1001 2081 1087 2155 eund,
1111 2083 1227 2142 domum
1247 2077 1400 2141 vostrum?

241 2178 272 2242 h.
297 2195 324 2242 e.
348 2176 402 2257 qui
425 2181 460 2240 tu
482 2175 564 2241 hano
586 2175 713 2241 domum
737 2182 878 2243 vestrum
900 2177 1063 2258 appellare
1086 2177 1199 2258 potes?
1230 2175 1271 2253 ΙΙ,
1298 2176 1327 2255 2,
1345 2178 1397 2239 60:

242 2277 396 2349 Dodoni,
418 2272 449 2338 h.
473 2291 500 2338 e.
524 2279 560 2338 tu
582 2276 694 2339 uuam
717 2275 835 2355 diuisi,
859 2275 1038 2356 admiratio,
1060 2275 1138 2340 item
1167 2293 1196 2338 v.
1220 2278 1275 2338 70:
1301 2277 1399 2335 Etiam

242 2384 275 2437 tu
298 2393 414 2451 quoque
437 2376 611 2436 ‘adsentaris
635 2375 744 2436 huice?
788 2393 817 2437 r.
844 2379 917 2438 181:
950 2377 1004 2436 Vir
1026 2393 1080 2450 ego
1104 2380 1171 2436 tuus
1201 2371 1293 2450 simi,
1316 2370 1348 2434 h.
1372 2389 1399 2434 e.

242 2471 342 2553 quid?
367 2476 403 2533 tu
427 2476 478 2534 rue
506 2469 610 2535 virum
633 2471 853 2536 tuumdicere
880 2473 995 2552 potes?
1017 2490 1048 2535 v.
1075 2474 1150 2535 184:
1178 2473 1255 2532 Tuto
1285 2471 1399 2531 edictas
1494 2477 1495 2490 ²

244 2571 326 2631 fucta
349 2576 415 2632 tua:
440 2587 477 2628 ex
499 2587 545 2630 me
566 2573 703 2646 quoeris,
733 2572 803 2646 quid
833 2571 1020 2647 deliqueris?
1063 2569 1118 2647 lV,
1143 2573 1172 2646 2,
1197 2573 1230 2632 5:
1254 2569 1400 2642 Scelesta,

242 2675 274 2728 ut
301 2669 390 2728 ctiam
422 2668 492 2741 quid
524 2668 629 2744 uelim,
656 2669 686 2728 id
714 2675 747 2728 tu
778 2686 823 2730 me
857 2669 968 2746 rogas?
1004 2686 1039 2730 ·v.
1065 2672 1098 2730 9:
1125 2668 1275 2740 Verbero,
1311 2668 1399 2726 etiam

242 2768 308 2842 quis
332 2781 387 2839 ego
417 2764 471 2824 uhu
497 2772 543 2824 me
566 2767 679 2841 rogitas
701 2766 767 2826 -Ρ
811 2765 884 2829 Aul.
908 2764 954 2844 II,
978 2770 1014 2845 4,
1041 2771 1093 2828 li:
1123 2765 1193 2842 quid
1211 2765 1328 2840 -negoti
1351 2765 1398 2837 sit,

241 2862 348 2939 rogus?
375 2864 405 2938 5,
431 2863 483 2924 13:
514 2863 648 2937 rogitas?
677 2860 736 2940 III,
761 2866 789 2942 2,
816 2866 854 2929 10
877 2868 913 2927 et
933 2868 991 2931 23:
1014 2866 1114 2926 Etiam
1137 2862 1272 2938 rogitas?
1295 2863 1324 2938 6,
1346 2865 1398 2924 le:

241 2961 382 3036 qnid-sit,
406 2976 452 3019 mc
475 2959 608 3034 rogitas?
651 2956 707 3042 IV,
723 2967 753 3036 4,
778 2965 812 3025 6:
838 2963 1127 3037 Verberahilissime,
1153 2963 1243 3022 etiem
1267 2958 1400 3036 rogitus?

239 3076 269 3120 u.
294 3062 330 3121 7:
347 3057 469 3133 rogas?
505 3053 566 3136 (sic
594 3056 754 3138 Goeller.;
782 3057 881 3139 uulgo
907 3057 1048 3135 rogitus).
1094 3056 1185 3138 Oapt.
1209 3055 1276 3135 ΙΙΙ,
1301 3059 1335 3134 5,
1360 3060 1394 3118 2:

239 3156 358 3233 liugas?
409 3153 480 3219 Ores.
512 3152 560 3234 H,
590 3160 624 3236 3,
653 3161 709 3221 35:
748 3157 859 3234 rogas?
901 3155 941 3235 V,
970 3162 1006 3234 4,
1041 3160 1093 3220 te:
1127 3159 1251 3232 Rogitas
1285 3154 1399 3217 etiarn?

237 3252 331 3332 Epio.
357 3251 406 3332 Π,
431 3255 464 3330 2,
488 3255 544 3316 91:
571 3254 683 3330 rogus?
728 3253 843 3319 Bacch.
866 3253 898 3333 I,
925 3260 956 3333 l,
981 3257 1038 3318 32:
1065 3255 1151 3329 'Quid
1182 3272 1237 3330 ego
1268 3263 1396 3314 metuam

238 3351 372 3426 rogitas?
415 3347 462 3427 Π,
486 3352 520 3429 2,
544 3353 585 3412 28
608 3355 642 3414 et
665 3355 718 3414 38:
746 3353 864 3428 Rogas?
910 3358 946 3430 3,
970 3359 1027 3419 97:
1058 3354 1157 3414 Etiam
1186 3352 1298 3428 rogus?
1342 3348 1397 3429 IV,

239 3452 269 3526 9,
293 3447 348 3510 56:
371 3446 482 3523 rogas?
525 3445 640 3512 Bacch.
664 3465 692 3509 v.
719 3452 814 3513 1195:
840 3453 917 3526 Quid
940 3471 1011 3528 agas
1034 3453 1145 3527 rogitas
1161 3448 1276 3512 etiami
1304 3447 1396 3512 Most.

238 3543 304 3624 ΠΙ,
328 3548 362 3615 3,
385 3549 420 3607 4:
451 3546 568 3620 Ecquid
597 3552 753 3621 placeant,
782 3565 828 3608 nus
857 3550 965 3624 rogas?
1010 3545 1093 3611 Meu.
1123 3544 1180 3623 IV,
1204 3551 1239 3626 2,
1264 3550 1321 3610 77:
1351 3565 1397 3608 me

238 3642 346 3718 rogus?
391 3639 428 3720 V,
451 3646 482 3721 l,
516 3647 568 3707 13:
600 3646 698 3721 Rogat
721 3645 788 3705 mei
821 3643 1104 3724 ·Mil.11,3,4e:
1134 3643 1211 3720 Quid
1233 3649 1336 3722 negoti
1359 3647 1397 3707 sit

237 3740 349 3818 roges?
392 3738 489 3804 Mero.
523 3739 553 3816 I,
578 3744 614 3820 2,
638 3745 692 3805 89:
724 3745 823 3804 Etiam
847 3744 957 3821 rogos?
1000 3741 1056 3822 IV,
1081 3747 1116 3823 3,
1144 3745 1201 3806 22:
1235 3746 1333 3818 Quoia
1362 3762 1398 3803 eu

238 3839 293 3912 sit,
325 3838 458 3914 rogites?
498 3835 616 3915 ¹,Pseud
643 3837 691 3920 II,
720 3847 757 3918 4,
790 3843 847 3904 5οι
881 3841 990 3918 rogas?
1032 3839 1089 3924 lv,
1114 3846 1149 3920 l,
1180 3844 1238 3906 69:
1272 3843 1396 3917 Rogitas

238 3936 442 4012 quodrides‘?
486 3935 582 4001 Poen.
611 3935 648 4016 I,
673 3942 707 4017 2,
731 3942 785 4001 51:
817 3940 954 4016 Rogasi,
981 3939 1058 4004 item
1081 3958 1109 4004 v.
1135 3943 1195 4003 173
1220 3943 1254 4003 et
1276 3937 1341 4016 ΙΙΙ,
1366 3941 1395 4014 4,

238 4036 288 4102 23.
332 4031 845 4115 Pers.1,o‚1r:van‚rogasr
887 4035 1044 4117 Rodii,
1069 4039 1180 4117 3‚48:
1213 4037 1394 4113 Siamubat,

235 4150 323 4209 rogas
359 4133 429 4212 quid
463 4131 598 4196 feceret?
642 4132 707 4212 Ill,
739 4138 773 4211 6,
808 4138 863 4198 22:
898 4137 1007 4214 rogos?
1050 4135 1088 4214 V,
1121 4139 1157 4214 3,
1185 4139 1222 4198 5:
1260 4129 1394 4210 rogitari
