3090 4768
499 149 538 190 DE
554 149 705 192 GERUNDIO
720 151 758 192 ET
773 151 952 194 GERUNDIVO.
1263 155 1302 216 55
1327 184 1330 194 .

158 337 309 400 retinenda·
330 340 424 414 copia,
448 338 503 403 ubi
517 340 658 422 Antipho
680 341 720 408 de
743 340 865 406 Phanio
887 339 989 406 amica
1010 338 1160 420 loquitur,
1183 335 1306 402 otiien.

156 429 219 509 III,
242 437 271 512 3,
297 439 348 500 12:
371 439 436 512 Ego
458 440 521 501 eius
542 441 661 502 1111111111
687 443 810 518 cupidus
838 448 923 502 recta
944 457 1116 515 consequor.
1161 435 1306 514 Denique

158 536 264 594 restat
283 550 365 598 unus
387 533 475 602 locus
494 535 650 613 Terentii,
674 538 728 602 ubi
755 537 915 619 genitivus
936 533 1083 617 gerundii
1104 551 1167 598 non
1188 531 1229 596 ad
1251 548 1307 596 no-

158 645 240 708 men,
271 629 328 694 sed
354 631 394 697 ad
418 633 551 698 verbum
574 636 740 716 appositus
768 639 824 714 est,
852 652 915 715 quo
937 633 1061 700 dicendi
1083 647 1201 713 genere
1223 629 1308 694 inter

158 726 353 806 posteriores
382 730 556 813 scriptores
584 733 718 798 maxime
746 751 824 799 usus
855 737 906 798 est
934 731 1073 797 Tacitus.
1117 727 1252 810 Legitur
1280 725 1308 790 is

157 824 216 888 Ad.
241 824 284 904 11,
308 833 338 906 4,
362 833 398 891 b:
421 848 528 893 vereor
550 851 649 894 coram
673 837 703 896 in
726 853 760 897 os
783 839 812 894 te
835 834 956 896 laudare
979 834 1114 908 amplius,
1137 832 1182 892 Ne
1205 829 1235 888 id
1256 825 1309 886 od·

155 930 292 990 seniendi
314 931 421 1006 magis,
451 947 537 1006 quam
561 950 618 1007 qno
641 934 764 996 habeam
787 939 917 1008 gratum,
945 930 1045 1004 socero
1066 931 1239 999 existumet,
1268 924 1308 988 de

157 1042 222 1104 quo
243 1025 314 1090 loco
337 1025 614 1093 Weissenbornius
636 1047 666 1110 p.
688 1033 760 1094 125:
784 1026 886 1108 „Cum
907 1045 972 1092 non
995 1026 1096 1107 possit
1110 1031 1184 1105 apte
1201 1020 1309 1088 divelli

154 1125 189 1184 id
209 1126 339 1198 facerem
360 1123 416 1201 ita,
447 1129 483 1188 ut
512 1128 545 1190 id
571 1126 611 1192 ad
639 1147 666 1192 v·
692 1126 878 1194 adsentandi
908 1122 1100 1204 redereatur,
1134 1121 1240 1187 nescio
1269 1139 1311 1186 an

155 1219 341 1286 facillimum
365 1220 408 1286 sit
430 1227 571 1289 statuere
587 1223 770 1290 Terentium
795 1224 836 1289 ad
856 1223 965 1304 graeci
987 1219 1130 1288 infinitivi
1152 1220 1309 1284 rationem

155 1337 184 1381 v.
204 1321 381 1384 adsentienti
403 1338 542 1402 causam,
566 1323 671 1390 verbis
694 1339 782 1400 11111
803 1317 970 1398 quodnam
985 1320 1124 1386 indicare
1140 1312 1306 1383 voluerit.“

163 1415 316 1482 Ceterum
340 1417 437 1500 addo,
468 1420 647 1501 ubicunque
671 1422 857 1503 gerundium
880 1421 930 1486 vel
957 1419 1164 1502 gerundivum
1190 1417 1223 1480 in
1253 1431 1307 1494 gc-

155 1516 261 1580 nitivo
284 1515 424 1596 positum
447 1526 510 1598 est,
543 1515 698 1600 nusquarr
721 1527 846 1587 mutare
869 1519 1089 1602 primigeniam
1112 1515 1174 1582 vim
1199 1519 1232 1578 et
1253 1531 1310 1578 na·

156 1621 282 1685 turam,
317 1620 352 1676 ut
374 1614 414 1679 ad
436 1634 555 1682 1111111
579 1619 736 1685 actionem
767 1617 995 1698 transferatur,
1027 1631 1189 1694 nunquam
1215 1612 1248 1677 in
1270 1629 1308 1676 eo

158 1710 240 1776 insit
272 1709 461 1792 significatio
491 1714 543 1778 vel
570 1717 617 1782 rei
648 1716 774 1782 futurae
805 1716 857 1781 vel
886 1715 1009 1782 consilii
1031 1715 1079 1780 vel
1102 1709 1314 1789 necessitatis

156 1826 241 1889 quae
266 1810 368 1876 sicubi
393 1811 496 1878 inesse
520 1814 656 1892 videtur,
680 1832 743 1880 non
766 1816 798 1878 in
822 1814 977 1896 gerundia
1001 1817 1035 1878 et
1050 1811 1234 1894 gerundivo,
1259 1805 1316 1875 scd

156 1907 190 1972 in
216 1926 255 1973 ea
278 1926 364 1989 voce,
388 1911 471 1976 unde
493 1911 643 1992 pendent
667 1913 849 1992 quaerenda
871 1920 930 1978 est.

243 2011 271 2070 3.
317 2005 354 2070 ln
382 2011 481 2072 dobeo
510 2013 652 2085 gerundia·
680 2012 821 2077 accessio
848 2011 1021 2082 accusativi
1043 2008 1146 2074 rarior
1175 2011 1238 2084 est,
1269 2003 1309 2068 de

157 2119 223 2182 qua
254 2122 288 2167 11
312 2103 589 2173 Weissenbornius
611 2127 642 2188 p.
669 2113 728 2174 116
758 2108 837 2176 haec
866 2109 958 2175 dicit:
996 2108 1131 2189 „Dativo
1154 2122 1223 2170 1111
1248 2101 1309 2166 hoc

150 2200 289 2266 maxime
317 2204 478 2284 proprium
508 2205 563 2284 sit,
593 2215 630 2271 ut
657 2226 711 2274 eas
733 2225 786 2272 res
809 2205 980 2288 significet,
1009 2224 1091 2286 quae
1113 2201 1231 2281 aliquid
1255 2198 1307 2263 vel

155 2297 331 2365 admittant
360 2309 392 2366 et
415 2303 585 2384 accipiant,
617 2304 669 2368 vel
691 2305 836 2370 reiiciant
859 2310 891 2370 et
913 2311 1079 2386 respuant,
1111 2308 1143 2368 et
1164 2306 1309 2366 mutuam

28 2447 29 2460 ,
156 2396 317 2474 quandam
341 2417 449 2466 rerum
469 2402 577 2482 potius
600 2409 633 2467 ot
654 2420 878 2483 personarum,
902 2421 983 2483 quae
1005 2407 1120 2484 agunt,
1143 2417 1237 2480 quarn
1261 2397 1309 2475 ip-

28 2485 29 2506 *
153 2511 263 2558 sarurn
299 2497 460 2566 actionum
489 2501 636 2582 designet
663 2485 846 2580 rationem,⁵
867 2501 1012 2582 gerundii
1042 2499 1170 2567 dativus
1203 2495 1308 2560 minus

28 2589 29 2631 ἒ
152 2590 325 2660 videbatur
355 2607 464 2677 aptus,
501 2604 534 2662 et
560 2600 739 2680 ubicunque
768 2599 890 2666 occasio
919 2599 1070 2678 dabatur,
1103 2615 1172 2662 rem
1199 2592 1308 2675 potius

152 2690 281 2756 actione
305 2697 484 2775 praeditam
499 2697 669 2777 addebant,
692 2715 796 2777 neque
816 2703 923 2764 tamen
937 2697 1022 2763 illam
1040 2694 1306 2763 constructionem

152 2787 327 2872 fugiebant,
352 2799 387 2858 ut
409 2812 569 2874 nunquam
593 2795 808 2862 admiserint.“
853 2795 962 2862 Additi
989 2792 1162 2862 accusativi
1189 2791 1228 2856 ad
1252 2808 1308 2870 ge·

154 2892 260 2956 111111
284 2891 426 2956 dativum
448 2892 526 2960 hoec
549 2895 611 2960 duo
635 2894 781 2976 exempla
801 2894 902 2960 babes
915 2912 964 2959 »11
986 2894 1112 2964 Plauto,
1134 2891 1227 2971 Epid.
1250 2887 1307 2968 IV,

153 2993 181 3061 2,
205 2994 262 3054 35:
288 2993 353 3068 Ego
383 2995 498 3054 relictis
522 2996 611 3056 rebus
634 2997 795 3070 Epidicum
821 3013 941 3070 operam
965 2995 1132 3068 quaerendo
1155 2993 1245 3063 dabo,
1275 2991 1309 3052 at

153 3086 251 3154 Poen.
281 3087 306 3166 I,
336 3093 366 3159 2,
398 3094 453 3156 13:
490 3094 553 3154 Eae
585 3110 639 3154 uos
669 3095 811 3162 iocoodo,
843 3095 963 3156 eluendo
996 3109 1117 3167 operam
1151 3091 1306 3150 dederunt.

160 3188 302 3256 Primum
328 3189 519 3268 spectandus
542 3194 592 3256 est
614 3191 641 3253 is
664 3209 741 3256 usus
764 3190 873 3269 dativi,
895 3189 950 3270 qui
972 3189 1114 3269 proxime
1130 3185 1252 3251 accedit
1266 3182 1308 3248 ad

154 3304 225 3351 eum
255 3303 347 3351 usum
378 3286 526 3367 genitivi,
556 3304 618 3367 quo
641 3288 683 3353 ad
704 3289 804 3352 verba
825 3289 968 3368 additur,
999 3287 1038 3351 de
1060 3303 1123 3366 quo
1144 3284 1308 3348 Weissen-

154 3383 287 3448 bornius
309 3402 339 3464 p.
367 3389 425 3448 125
449 3401 494 3464 sq.
517 3386 624 3451 adnot.
649 3389 709 3450 252
733 3385 812 3450 baec
833 3386 944 3452 habet:
974 3384 1071 3464 „Tam
1093 3399 1192 3466 prope
1215 3398 1306 3446 acce-

153 3480 199 3546 dit
222 3481 263 3545 ad
287 3482 461 3562 genitivum
484 3484 661 3562 verbalem,
690 3491 727 3549 ut
748 3483 834 3551 haud
856 3485 966 3564 paucis
988 3483 1081 3563 locis,
1111 3482 1165 3548 ubi
1187 3480 1307 3546 utrius-

153 3595 214 3658 que
239 3597 333 3644 casus
357 3582 467 3647 eadem
491 3581 1142 3662 11111111,11111111111111111111111,
1166 3576 1307 3644 dubitari

154 3678 266 3757 possit,
289 3695 394 3758 neque
418 3679 589 3760 quidquam
611 3679 748 3760 relinqui
771 3680 927 3758 videatur,
949 3679 1010 3744 nisi
1026 3684 1062 3744 ut
1077 3683 1210 3754 statuas,
1234 3694 1306 3743 cum

154 3775 253 3840 dativi
276 3794 353 3842 usus
376 3777 520 3841 omnibus
544 3777 754 3858 scriptoribus
777 3775 844 3842 1111
867 3777 909 3842 sit
931 3777 1122 3853 communia,
1147 3774 1307 3856 genitivus

156 3893 218 3940 non
245 3873 355 3938 multis
387 3881 577 3955 usurpatus,
612 3876 754 3942 dativum
780 3875 889 3955 potius
914 3876 953 3940 iis
979 3876 1192 3952 vindicemus,
1226 3889 1307 3952 qnos

154 3970 208 4036 illa
236 3972 266 4034 vi
294 3972 468 4054 genitivum
498 3973 615 4038 dixisse
642 3972 771 4053 probari
800 3989 863 4037 non
890 3972 1027 4054 potest.“
1072 3973 1184 4051 Itaque
1208 3970 1305 4034 etiarn

153 4069 258 4136 Pbut.
282 4071 366 4136 Rud.
388 4069 426 4136 V.
450 4076 479 4150 3,
505 4075 560 4136 18:
585 4076 634 4134 111
658 4073 812 4134 iurandum
835 4075 1079 4150 1111111111111,
1101 4070 1306 4146 1111111111-

156 4169 210 4230 dae
247 4173 430 4234 conditumst
464 4187 524 4250 pro
560 4169 667 4234 dativo
705 4169 812 4249 potius
847 4169 1026 4234 habendum
1064 4167 1133 4232 crit.
1190 4160 1308 4230 differt
