3036 4766
244 149 307 215 326
532 137 594 180 ΟΑΡ.
603 135 654 178 Ἢ.
680 134 830 176 ΒΟΟΤΙΙΙΙΔ
856 133 1110 176 numulariorum

245 329 365 411 cipicns
399 321 567 396 ἀσυνδέτους
599 323 726 390 adiecta
759 327 809 390 eet
836 322 950 404 priori,
983 329 1114 389 namet
1144 321 1311 403 interponi
1341 325 1421 402 pot-

244 427 355 492 uisset.
908 467 912 474 -

331 523 351 586 i.
396 519 582 588 Sententiae
621 517 831 584 disiunctivae
870 523 1005 600 possunt
1046 519 1205 584 communi
1242 518 1420 600 negationi

244 619 390 688 submitti
418 622 585 683 ettamen
612 619 784 697 utrumque
811 617 989 683 membrum
1018 618 1132 699 negari
1161 634 1222 697 per
1249 637 1349 692 aegrae
1371 651 1417 662 -

245 737 348 794 acque.
393 716 521 782 Terent.
544 715 625 780 Eun
650 713 681 793 I,
706 718 743 793 2,
767 719 806 779 67
831 730 893 795 eq.:
922 719 1018 779 habeo
1049 719 1097 780 bic
1127 719 1274 776 nemiuem
1302 718 1416 790 Neque

245 820 371 880 amicum
393 833 486 889 ucoca
508 823 673 891 cognatum.
718 811 769 893 11,
793 817 821 883 3,
846 818 900 879 14:
926 818 1022 878 asco
1059 817 1175 884 hercle,
1203 832 1299 888 cepae
1323 817 1414 874 ,unde

245 934 310 978 eam
333 931 425 988 neque
448 931 587 990 quorsum
614 931 689 976 eam.
733 910 790 990 IV,
813 918 850 992 4,
880 917 935 976 54:
971 916 1016 974 Tu
1037 917 1106 992 pol,
1137 915 1163 974 si
1190 915 1289 988 sapis,
1322 912 1416 986 Quod

246 1015 307 1075 scis
329 1013 439 1089 coecis,
461 1028 553 1084 ccccc
574 1012 611 1071 de
635 1013 771 1072 eunucho
793 1026 885 1085 ccccc
907 1013 944 1072 de
966 1013 1039 1072 nitio
1061 1013 1193 1086 virginis.

330 1109 362 1174 k.
407 1106 651 1190 Coniunguntur
675 1106 757 1172 duae
780 1107 959 1190 sententiae
981 1125 1040 1188 per
1062 1126 1157 1182 oeque
1178 1143 1220 1152 -
1244 1114 1281 1169 et.
1328 1105 1415 1172 Cato

247 1207 285 1272 R.
301 1205 341 1270 R.
357 1224 383 1272 c.
404 1210 480 1272 130:
503 1209 550 1268 Ita
571 1225 664 1282 mccc
686 1206 802 1270 fumosa
824 1215 922 1280 erunt,
945 1211 975 1270 ct
996 1209 1144 1270 ardebunt
1158 1209 1245 1271 bene.
1277 1205 1412 1272 Terent

244 1307 327 1372 Eun.
350 1305 388 1380 V,
411 1309 447 1374 4,
469 1308 528 1368 43:
555 1307 641 1382 Vide,
664 1308 829 1384 Parmeno,
853 1307 931 1379 Quid
953 1324 1039 1382 agas,
1062 1325 1099 1366 ne
1122 1322 1216 1382 acque
1238 1307 1285 1366 illi
1308 1308 1414 1380 prosis

247 1411 274 1467 ct
296 1413 329 1467 tn
351 1423 469 1483 pereas.
1138 1423 1141 1430 ’

331 1502 352 1568 l.
398 1501 578 1582 Separatim
600 1497 698 1564 affero
722 1517 777 1564 eos
800 1498 896 1577 locos,
920 1499 975 1564 ubi
990 1519 1043 1562 occ
1056 1501 1186 1582 ponitur
1202 1497 1414 1564 coniunctum
1488 1537 1489 1542 =

247 1618 319 1668 cum
342 1598 542 1674 coniunctim
565 1597 781 1679 imperatorio.
817 1595 913 1662 Ennii
936 1597 1122 1678 epigramm.
1149 1604 1175 1668 1.
1197 1616 1225 1662 v.
1252 1601 1288 1661 3:
1312 1601 1416 1660 Nemo

244 1718 293 1762 me
316 1701 458 1761 lacrumis
482 1699 606 1759 decoret
626 1715 680 1758 occ
701 1696 808 1759 funera
830 1695 903 1756 fletu
927 1699 1029 1757 Facit.
1060 1697 1165 1760 Plaut.
1189 1695 1279 1759 Asin.
1304 1694 1363 1772 IV,
1386 1700 1412 1774 1,

246 1799 288 1861 29
312 1810 398 1874 equ:
422 1796 609 1870 suspitiones
633 1796 728 1855 omnis
752 1795 789 1854 ab
813 1812 845 1854 ee
869 1804 1016 1871 segreget,
1038 1797 1141 1869 Nepae
1155 1799 1245 1856 iliaco
1261 1797 1318 1854 ulli
1333 1797 1411 1870 pede

245 1896 353 1972 pedem
383 1892 532 1971 [usquam]
561 1894 673 1954 homini
696 1897 828 1966 proruat.
875 1895 970 1967 Quom
999 1901 1119 1969 surgat,
1145 1911 1238 1967 aequo
1260 1892 1351 1970 ¹[illa]
1381 1896 1412 1952 in

245 1997 356 2055 lectum
389 1992 545 2052 inscendat
575 2008 768 2066 proxumum,
802 1991 905 2064 Neque
934 2010 1021 2067 quom
1049 1993 1215 2053 descendat
1240 1993 1330 2069 inde,
1363 1993 1413 2052 ciet

246 2094 405 2168 quoiquam
433 2107 559 2152 manum.
604 2090 805 2164 Spectandum
840 2106 877 2149 ne
910 2092 1068 2166 quoiquam
1098 2093 1218 2150 anulum
1241 2091 1294 2150 det
1316 2107 1408 2164 ncqcc
1488 2153 1489 2164 ,

244 2194 336 2263 repet.
384 2185 473 2268 Gapt.
496 2185 543 2264 Π,
567 2189 596 2256 3,
622 2189 676 2249 76:
700 2188 802 2262 Tuque
824 2195 854 2248 te
877 2206 934 2262 pro
958 2189 1054 2266 libero
1078 2205 1144 2250 esse
1168 2189 1276 2260 ducas,
1300 2191 1407 2264 pignus
1488 2167 1489 2256 i

245 2289 378 2366 deseres,
401 2288 507 2361 Nepae
526 2287 577 2346 dce
599 2303 722 2361 operam
737 2303 858 2361 prome
878 2293 912 2348 ut
934 2288 1022 2348 huius
1038 2286 1178 2348 reducem
1194 2285 1289 2346 facias
1304 2287 1406 2348 filium.

244 2382 569 2464 liberareque
595 2387 716 2460 polme
745 2381 896 2453 insanum,
928 2385 1039 2461 Hegio,
1068 2403 1135 2446 esse
1162 2384 1281 2444 oecon
1303 2387 1405 2460 Neque
1488 2381 1489 2384 ’

245 2483 338 2546 fnisse
362 2503 499 2560 umquam
522 2500 618 2558 neque
641 2499 708 2543 csse
732 2484 881 2558 morbum,
905 2501 993 2557 quem
1014 2485 1083 2544 istic
1107 2489 1247 2544 autumat.
1290 2481 1404 2546 Bacch.
1488 2503 1489 2522 ¹

245 2580 310 2660 III,
334 2585 364 2660 3,
388 2584 441 2645 72:
465 2583 548 2658 ipsus
571 2597 667 2656 neque
683 2587 764 2661 amat
784 2597 880 2662 aequo
899 2587 932 2642 tu
947 2582 1072 2646 aeduos
1096 2581 1151 2660 (τ-
1165 2577 1252 2658 neu).
1278 2579 1405 2645 Terent.

245 2678 326 2744 Eun.
340 2677 381 2756 ·1‚
407 2683 442 2757 1,
466 2682 504 2742 31
523 2693 605 2756 equ:
628 2679 669 2739 Et
692 2696 729 2739 ne
753 2685 783 2740 te
807 2679 952 2740 adflictae.
983 2669 1050 2742 PH.
1073 2681 1159 2740 Itane
1182 2681 1312 2740 suades?
1342 2679 1404 2743 ΡΑ.

246 2778 278 2837 Si
302 2779 390 2851 sapis.
422 2777 524 2850 Neque
551 2783 674 2853 praeter
704 2794 792 2852 quam
821 2796 895 2853 quas
922 2779 989 2853 ipse
1018 2796 1100 2838 amor
1130 2781 1285 2840 molestias
1309 2781 1405 2840 Habet

246 2874 351 2942 addas,
374 2881 405 2935 et
427 2877 495 2937 illas
518 2893 592 2951 quas
614 2875 707 2936 habet
728 2881 812 2936 recte
828 2875 926 2944 ,seraa
971 2873 1089 2941 Heaut.
1108 2873 1151 2954 V,
1174 2879 1209 2950 2,
1233 2879 1290 2938 22:
1316 2879 1361 2936 Ne
1376 2884 1404 2936 te

247 2973 394 3058 admisce:
417 3004 460 3018 -
481 2991 534 3034 ccc
555 2980 589 3033 tn
610 2991 694 3033 arom
716 2974 772 3034 tibi
793 2973 856 3034 Nec
876 2980 1065 3049 precatorem
1082 2977 1218 3050 pararis.
1488 3053 1489 3060 ἵ

333 3073 382 3135 32.
428 3071 510 3132 Nece
537 3069 604 3134 sive
631 3068 832 3134 condicitur
858 3087 916 3150 pro
950 3077 979 3132 ct
1009 3089 1054 3134 uc.
1086 3072 1245 3137 *Handiue
1269 3072 1406 3142 Turseli.
1488 3075 1489 3146 Ἰ

246 3166 303 3246 IV,
326 3186 356 3248 p.
384 3172 443 3234 173
468 3185 529 3248 ep:
554 3166 929 3248 „Negativa‘sententia
953 3186 1016 3248 qua
1038 3169 1176 3245 iubetur,
1200 3189 1241 3234 ne
1264 3172 1343 3250 qnid
1365 3172 1404 3236 sit

245 3269 304 3339 aut
325 3263 398 3345 fiat,
431 3266 498 3330 sive
521 3265 709 3344 imperativo
740 3264 806 3330 sive
830 3265 1030 3332 coniunctim
1054 3285 1220 3349 expressa,
1243 3270 1300 3334 nbi
1324 3271 1403 3335 dnae

245 3361 298 3426 vel
319 3361 429 3443 plures
450 3380 504 3428 res
526 3359 759 3443 significantur,
788 3361 821 3428 in
843 3363 947 3430 altero
969 3364 1111 3430 membro
1134 3367 1246 3431 autin
1269 3373 1403 3448 utroque
1488 3431 1489 3450 ,

245 3459 362 3540 recipit
386 3479 465 3526 accc.
515 3460 566 3524 Ita
592 3457 629 3524 fit
650 3470 688 3521 oc·
709 3493 752 3504 —
773 3479 845 3524 accc
872 3480 897 3526 s.
919 3475 991 3533 cca,
1018 3481 1078 3526 ccc
1098 3497 1142 3510 -
1167 3457 1258 3528 aec.“
1306 3466 1401 3547 Legg.
1488 3461 1489 3494 ³

246 3557 308 3622 XlI
331 3557 418 3623 tabb.
442 3557 482 3638 X,
508 3563 535 3622 1.
559 3563 624 3623 3.4
648 3560 700 3624 eet
721 3558 927 3642 imperativus
950 3561 1138 3628 coniunctus
1154 3581 1226 3641 cum
1241 3581 1289 3643 co,
1313 3581 1400 3644 quem
1488 3549 1489 3640 i

245 3655 394 3735 sequitur
412 3674 472 3719 ccc
494 3674 566 3723 cum
589 3656 791 3737 imperativo.
836 3658 883 3723 Ib.
907 3657 945 3724 fr.
965 3661 983 3723 9
1008 3663 1060 3724 est
1080 3677 1152 3724 cecc
1173 3678 1245 3726 cum
1268 3662 1400 3742 impera·
1488 3645 1489 3686 Ι

242 3753 313 3817 tivo
347 3753 501 3834 positum,
536 3768 599 3820 nou
633 3773 824 3838 praegresso
857 3773 904 3820 cc.
951 3754 1031 3822 Cato
1054 3758 1091 3826 R.
1114 3757 1151 3822 R.
1175 3776 1200 3824 c.
1234 3764 1270 3823 1:
1305 3763 1399 3824 sicin

246 3855 345 3913 animo
368 3854 494 3933 habeto,
521 3857 568 3916 att
589 3873 626 3915 coc
649 3858 757 3931 cupide
777 3873 857 3916 omos
882 3872 953 3918 occe
976 3875 1069 3934 opera
1092 3867 1143 3920 tua
1160 3855 1275 3934 porcas
1297 3863 1397 3930 visere,

245 3955 333 4010 ctae
355 3953 428 4012 satis
450 3953 563 4016 taceas
585 3957 679 4016 semel
701 3943 869 4019 circumire.
916 3953 949 4018 0.
974 3961 1007 4020 3:
1030 3959 1077 4018 Ita
1102 3958 1253 4035 aedifices,
1277 3959 1398 4018 coculla
1488 4019 1489 4032 ,

244 4047 368 4109 fundum
390 4055 516 4124 occant
537 4069 608 4113 neoc
631 4051 739 4114 fundus
762 4055 872 4114 villam.
919 4049 954 4116 C.
979 4058 1014 4116 5:
1038 4057 1161 4117 Terram
1185 4058 1332 4118 cariosam
1355 4072 1396 4114 ca·
1488 4051 1489 4074 ¹

241 4153 313 4207 ¹veto
333 4163 369 4206 aa
392 4165 460 4208 arcs
482 4165 553 4208 rece
575 4152 721 4226 plostrum
743 4167 816 4210 ccccc
838 4167 931 4226 pecus
960 4153 1103 4226 impellor.
1147 4151 1186 4216 C.
1211 4157 1260 4216 37.
1290 4151 1324 4216 O.
1347 4152 1395 4214 38:
