3076 4762
222 187 282 248 182
659 180 794 234 ,vernula
824 179 887 223 our.
901 179 952 221 xrr.

217 367 347 433 adiiciat
380 367 491 448 alteri,
532 373 589 433 aut
615 385 761 436 caussam
789 368 838 433 rei
865 371 956 433 actae
986 367 1190 447 intempore
1220 365 1376 448 designet.

217 465 310 532 Unde
333 484 430 546 saepe
460 463 512 542 fit,
541 472 578 530 ut
605 467 677 529 mam
704 465 823 530 indicet
851 483 920 530 rem
952 483 1014 530 non
1044 463 1165 530 diutius
1187 479 1376 546 permanere

218 567 276 628 aut
298 580 362 626 non
382 563 509 644 longius
531 564 721 645 promoveri.
766 562 836 629 Hac
864 581 941 629 vero
972 561 1204 645 significatione
1234 581 1272 629 ea
1293 563 1376 627 ratio

217 658 434 739 constituitur,
456 677 538 739 quae
561 662 593 726 in
612 660 852 742 consequutivis
874 658 937 726 fine
960 669 993 726 et
1014 660 1145 727 consilio
1167 660 1376 726 constructio·

216 775 288 820 nem
310 756 482 823 verborum
506 759 702 825 moderatur.
746 761 852 839 Atque
874 759 952 824 haec
968 759 1202 824 coniunctivum
1225 759 1285 824 sibi
1307 758 1377 822 viu·

213 853 355 919 dicant-‘⁸
399 853 478 920 Non·
494 858 656 936 pertinent
682 862 790 921 autem
813 857 875 922 huc
897 875 936 923 ca
958 857 1119 937 exempla,
1144 857 1199 922 ubi
1220 873 1283 920 non
1305 859 1375 920 dam

215 951 395 1016 coniunctio
424 971 521 1019 causa
547 955 738 1020 coniunctivi
769 959 832 1034 est,
860 955 917 1020 sed
945 955 1051 1035 potius
1078 955 1162 1034 quod
1194 953 1375 1020 enunciatio

214 1066 274 1130 por
296 1051 367 1113 mam
389 1050 474 1115 elata
497 1053 677 1117 enunciatio
705 1053 895 1118 secundaria
922 1057 974 1118 est
996 1053 1144 1123 alterius,
1173 1071 1255 1134 quae
1277 1051 1376 1116 habet

217 1147 467 1228 coniunctivum,
501 1149 542 1213 de
576 1167 640 1230 qua
674 1169 709 1215 re
735 1148 808 1215 vide
837 1149 1017 1216 charisium
1047 1150 1090 1229 ΙΙ,
1119 1169 1148 1230 p.
1174 1156 1249 1216 201:
1279 1150 1375 1228 „dum

214 1245 341 1310 etiamsi
363 1247 445 1311 alius
467 1248 678 1329 praeponitur
705 1266 811 1312 sermo
833 1247 1070 1326 declinationis
1101 1248 1142 1312 ad
1164 1248 1249 1311 illum
1274 1245 1375 1310 reior-

215 1347 333 1421 matur,
358 1348 394 1408 ut
414 1344 569 1426 Petebas,
592 1349 652 1424 ut,
675 1346 749 1409 dum
772 1346 908 1424 venires,
929 1343 1084 1410 iacerem:
1108 1347 1153 1410 sic
1175 1363 1303 1425 quoque
1324 1361 1376 1408 re-

215 1439 293 1518 cipit
328 1442 560 1509 subiunctiva.“
600 1442 667 1526 [Sic
698 1443 802 1507 Plaut.
838 1442 952 1508 Bacch.
987 1461 1015 1506 v.
1044 1449 1138 1509 1193:
1173 1446 1239 1504 dum
1269 1441 1374 1518 vivasl.

215 1536 319 1603 Plaut.
346 1540 432 1607 Asin.
457 1541 493 1616 V,
518 1548 545 1622 2,
571 1547 624 1606 85:
649 1546 713 1604 Non
737 1544 809 1602 licet
831 1558 953 1603 manere
976 1575 1013 1586 -
1041 1544 1112 1602 dam
1140 1559 1240 1606 cenem
1267 1537 1375 1602 modo?

215 1633 342 1700 Terent.
368 1637 448 1700 Eun.
472 1638 525 1716 IV,
549 1645 583 1715 6,
607 1646 640 1704 4:
674 1644 772 1714 Usque
795 1643 866 1700 odeo
895 1659 948 1715 ego
979 1643 1058 1702 illius
1082 1642 1162 1701 ferre
1186 1659 1306 1714 possum
1330 1642 1373 1698 in-

215 1736 327 1810 eptiam
353 1743 384 1796 ot
406 1739 562 1812 magnifica
585 1741 685 1812 verba,
711 1741 811 1800 Verba
831 1740 902 1798 dam
924 1722 992 1800 siat.

216 1827 220 1838 '
301 1832 330 1906 c)
355 1831 591 1913 Significatione
620 1837 824 1910 usquedum,
859 1835 891 1913 lo
920 1835 1011 1917 looqr
1045 1831 1095 1897 bie
1119 1829 1188 1908 tofi.
1234 1831 1314 1897 Cato
1337 1831 1373 1896 R.

214 1927 252 1993 R.
276 1947 300 1994 c.
326 1935 382 1995 95:
405 1935 466 2009 igni
490 1937 550 1994 leni
574 1937 693 2012 coquito
715 1967 757 1978 -
778 1934 962 2008 usqueadeo
984 1933 1054 1994 dum
1078 1935 1133 2006 fiat
1154 1943 1213 1993 tam
1228 1941 1373 2009 erassum,

214 2045 302 2103 quam
332 2034 401 2093 mel.
448 2028 584 2095 C.103:
613 2035 680 2094 dum
708 2041 914 2094 consuescant.
961 2028 994 2096 O.
1021 2034 1095 2094 107:
1126 2047 1218 2104 usque
1244 2032 1373 2105 coquito,

214 2127 286 2186 dom
308 2130 459 2189 dimidium
481 2145 634 2204 excoquas.
680 2127 714 2192 Ο.
740 2133 818 2194 156:
843 2133 998 2206 paulisper
1027 2131 1178 2190 demittito
1206 2144 1299 2200 usqae
1323 2123 1374 2182 od-

213 2223 334 2286 modaoo
362 2228 433 2288 dam
461 2231 618 2305 quinquies
650 2231 779 2305 quinque
806 2245 953 2288 mammea.
999 2224 1033 2291 O.
1069 2231 1143 2292 160:
1178 2243 1270 2302 usque
1305 2225 1372 2282 dum

215 2335 331 2387 coeant.
359 2323 438 2389 Cato
455 2341 494 2390 ex
508 2324 561 2390 lib.
572 2324 617 2389 V.
633 2324 734 2408 origg.
758 2325 943 2404 etquidem
966 2343 1004 2389 ex
1027 2331 1109 2390 orat.
1133 2342 1191 2404 pro
1214 2320 1373 2386 Rhodien-

214 2419 318 2485 sibus:
343 2425 407 2498 Quo
430 2429 541 2487 maiore
564 2443 654 2500 opere
672 2427 738 2486 dico
754 2427 934 2501 suadeoque,
958 2428 1002 2486 uti
1018 2427 1092 2484 haec
1115 2443 1164 2484 res
1180 2425 1294 2498 aliquot
1310 2421 1373 2479 dies

211 2520 400 2598 proferatur,
424 2524 495 2583 droa
518 2541 554 2584 ex
577 2530 660 2584 tanto
683 2525 790 2599 gaudio
812 2527 842 2584 in
858 2531 1038 2599 potestatem
1053 2531 1185 2584 nostram
1207 2521 1372 2579 redeamus.

214 2613 319 2680 Plana.
343 2618 457 2699 Amph.
483 2619 525 2697 ΙΙ,
548 2624 576 2699 2,
601 2625 650 2683 65.
679 2620 766 2684 Asin.
789 2619 832 2695 ΙΙ,
855 2627 884 2698 4,
909 2623 966 2684 23;
990 2623 1058 2682 dum
1082 2621 1241 2695 reperiam,
1265 2611 1315 2678 bid
1331 2610 1373 2691 id)

212 2709 317 2792 itote,
342 2731 393 2777 um
416 2713 576 2798 jemooteu
600 2733 635 2798 pu
658 2713 771 2797 liutet
814 2717 931 2784 Bacch.
953 2717 979 2797 I,
1004 2723 1032 2794 1,
1058 2722 1110 2781 14:
1134 2721 1163 2778 Is
1187 2715 1374 2776 moveator

213 2812 322 2874 sedens
351 2815 391 2876 ibi
421 2817 617 2892 opperibltur.
663 2815 720 2895 IV,
752 2822 786 2895 9,
810 2821 847 2881 8:
877 2820 963 2880 Nune
996 2819 1054 2878 huc
1082 2818 1256 2894 priusquam
1282 2829 1374 2874 senex

213 2911 303 2984 venit,
328 2913 410 2974 lubet
430 2918 605 2990 lamentari,
633 2916 706 2978 dam
726 2922 819 2977 cecat.
864 2911 981 2979 Pseud.
1004 2912 1064 2992 IV,
1088 2917 1117 2988 7,
1149 2915 1225 2977 136:
1260 2928 1298 2972 ne
1323 2927 1374 2970 ex·

212 3011 351 3084 poetalis,
376 3012 446 3073 mem
470 3015 525 3074 hac
549 3017 666 3075 domum
688 3017 807 3075 redeam
830 3017 885 3077 via.
915 3011 1011 3076 Poen.
1035 3009 1094 3089 ΙΙΙ,
1120 3014 1148 3082 5,,
1172 3014 1228 3075 41:
1254 3011 1373 3084 Quaeso

213 3105 333 3182 hercle,
357 3127 478 3185 operam
502 3113 586 3188 date,
614 3115 697 3175 Dum
719 3133 765 3174 me
788 3114 914 3174 videatis
937 3129 1051 3174 servom
1076 3111 1112 3172 ab
1135 3111 1192 3170 hoc
1213 3108 1374 3168 abducere.

212 3199 250 3281 V,
275 3207 304 3282 2,
328 3210 402 3271 107:
425 3212 512 3270 Nunc
535 3214 614 3273 intro
637 3215 703 3273 ibo:
735 3213 805 3272 dam
828 3231 896 3273 erus
919 3211 1100 3270 adventata
1121 3207 1204 3280 loro,
1233 3204 1374 3279 apperte

212 3300 302 3361 domi.
348 3301 430 3368 Rud.
454 3303 496 3383 ΙΙ,
521 3311 549 3386 2,
575 3313 633 3372 22:
657 3313 743 3372 Nunc
766 3311 836 3385 quid
859 3311 932 3370 mihi
954 3312 1088 3380 meliust,
1120 3323 1207 3382 quam
1230 3307 1301 3365 ilico
1324 3303 1373 3362 lule

215 3395 273 3471 [ut]
298 3415 380 3461 erum
404 3408 546 3478 opperiar
568 3409 640 3470 dom
660 3409 785 3471 ventat?
829 3405 911 3470 Rud.
936 3423 964 3468 v,
988 3409 1067 3469 922:
1097 3407 1164 3465 Non
1187 3405 1264 3464 euim
1289 3403 1373 3460 illum

213 3504 373 3568 expectare
397 3510 526 3578 oportet,
549 3505 620 3566 dam
643 3526 712 3568 erus
736 3525 768 3568 ae
791 3507 913 3568 suscitet
936 3507 972 3566 ad
997 3522 1081 3566 suum
1104 3503 1243 3562 officium.
1285 3494 1371 3558 Trin.

213 3607 242 3653 v.
268 3596 345 3655 170:
376 3604 548 3673 opservarit
575 3605 646 3666 deon
672 3606 847 3665 dormitaret
875 3621 975 3665 canes.
1021 3601 1115 3666 Truc.
1139 3599 1165 3678 Ι,
1192 3603 1218 3676 l,
1243 3602 1279 3660 2:
1302 3597 1374 3657 dum

213 3689 245 3748 id
265 3695 425 3764 perdiscat.
470 3697 520 3780 ΙΙ,
545 3704 578 3778 6,
606 3706 637 3764 l:
665 3705 710 3764 Ne
740 3705 921 3778 expectetis,
952 3709 1157 3778 spectatores,
1189 3713 1270 3756 meas
1302 3695 1374 3754 dam

212 3805 327 3864 pugnas
344 3798 525 3868 praedicem.
572 3799 626 3876 IV,
651 3805 679 3878 2,
705 3804 740 3863 5:
770 3805 827 3862 iste
858 3801 929 3860 dum
951 3803 994 3862 sio
1023 3800 1120 3873 factat
1142 3799 1257 3856 domurn
1283 3793 1320 3853 ad
1344 3797 1373 3850 to

213 3901 384 3966 θῐὸεῡεῦω.
433 3899 461 3973 3,
486 3899 543 3960 69:
571 3903 647 3958 Nam
675 3901 754 3960 haud
783 3901 932 3973 mansisti,
969 3900 1040 3959 dam
1069 3915 1123 3972 ego
1149 3895 1252 3954 dorem
1280 3893 1371 3951 illam.

214 3980 344 4051 Terent.
360 3989 458 4060 Andr.
476 3993 514 4072 V,
530 3999 559 4073 6,
580 4001 631 4060 13:
655 4002 804 4073 longumst
827 3999 910 4058 illum
934 4015 980 4058 me
997 4001 1168 4072 expectare,
1192 3992 1263 4052 dam
1278 3992 1372 4052 cecat.

213 4078 294 4148 Eun.
318 4085 377 4168 III,
402 4097 431 4170 3,
455 4095 509 4158 29:
537 4097 578 4156 At
605 4103 636 4156 tu
665 4097 743 4171 apud
770 4115 823 4158 nos
847 4096 895 4156 hic
922 4113 1027 4172 mane,
1056 4093 1140 4155 Dalm
1165 4090 1270 4152 redeat
1296 4089 1373 4163 ipsa.

207 4176 329 4249 Heaut.
353 4187 412 4270 111,
437 4195 466 4268 2,
490 4195 548 4256 32:
571 4195 612 4255 Et
635 4213 713 4257 nunc
735 4195 806 4270 quid
829 4201 970 4270 expectat
986 4194 1053 4254 -l
1075 4211 1113 4254 an
1135 4193 1208 4253 dam
1229 4190 1298 4249 lriuc
1321 4186 1375 4246 de·
