3076 4762
213 109 273 170 102
653 106 779 148 4444444.
807 107 869 146 cur.
883 109 933 152 ιιιι.

200 292 246 352 dit
267 295 461 368 protervitas!
485 291 521 355 Iu
546 293 794 360 obtestationum
817 315 874 377 per
895 300 940 358 ito
959 331 996 342 -
1013 294 1226 362 4441444444
1250 298 1356 364 altero

203 388 347 451 membro
369 388 559 454 indicativus
582 391 720 471 ponitur,
753 393 798 458 sic
820 394 949 458 Terent.
974 393 1090 458 Heant.
1113 394 1168 475 IV,
1193 401 1221 471 3,
1244 401 1279 461 8:
1312 400 1358 458 ito

200 503 247 546 me
270 489 299 545 di
323 495 431 561 ament,
458 494 492 548 ui
513 507 568 564 ego
592 510 669 552 nunc
693 511 751 553 non
773 500 833 553 tam
856 501 976 569 meapte
1000 511 1091 555 causa
1111 496 1239 568 Laetor,
1270 515 1358 571 quam

200 585 282 646 illins
306 580 355 658 (ci.
380 583 517 664 Madvig.
542 605 672 666 gramm.
696 587 752 653 lat.
777 607 806 668 p.
832 594 909 654 310:
932 587 966 669 14
991 586 1087 663 molit
1110 586 1181 671 triv),
1206 592 1301 656 etiam
1324 592 1358 656 in

201 679 310 758 priore
332 680 484 760 membro,
509 681 536 744 si
559 685 627 748 sine
650 693 760 765 optato
782 691 943 766 prolatum
967 692 1087 766 estut
1073 686 1226 752 t.Heaut
1251 689 1357 768 111,,1

202 783 257 839 54:
281 777 331 840 Sic
353 798 399 840 me
423 782 452 840 di
475 785 626 852 4444444444,
607 789 682 846 444
705 804 751 846 44
775 793 892 847 tuarum
907 788 1150 849 444444444444-
1162 787 1357 850 4444444444.

200 871 304 936 ΡΙ4ιι4.
329 873 413 940 Trin.
440 877 481 955 ΙΙ,
504 886 534 956 4,
557 883 612 944 464
642 884 694 942 Itu
715 901 760 944 444
782 885 894 944 amabit
914 885 1068 959 Iuppiter,
1097 888 1200 961 Neque
1223 891 1253 946 44
1278 887 1359 946 deri·

202 990 265 1030 sum
289 977 355 1034 4444
378 995 474 1051 neque
498 979 615 1054 dignum
635 986 718 1054 puto.

287 1069 464 1151 Singularis
488 1078 537 1138 444
560 1094 636 1142 usus
658 1080 828 1148 indicativi,
858 1077 912 1157 qui
934 1078 1065 1155 dicitur,
1098 1081 1289 1155 hypothetici,
1317 1078 1358 1142 de

202 1183 265 1246 quo
301 1169 373 1233 vide
408 1170 470 1235 Put
457 1171 593 1240 tschium
630 1175 662 1237 in
699 1175 804 1238 lehnii
840 1174 943 1240 annal.
982 1173 1058 1255 phil.
1092 1176 1157 1241 vol.
1187 1176 1293 1242 LXXI
1324 1179 1360 1240 44
1383 1166 1392 1172 ”

204 1265 336 1344 LXXII,
358 1275 436 1333 sect.
460 1276 491 1334 4.
522 1271 615 1334 Ponit
636 1270 688 1336 hic
710 1289 772 1351 444,
795 1290 877 1352 qnae
900 1273 976 1353 quin
992 1273 1119 1338 evenire
1133 1275 1259 1355 possint
1274 1275 1359 1338 vitoe

205 1383 266 1429 usu
289 1365 393 1430 edocti
413 1367 500 1432 nullo
524 1371 616 1434 modo
632 1387 802 1449 possumus
817 1369 975 1450 dubitare,
999 1374 1148 1449 tanquam
1165 1370 1257 1449 44144,
1276 1388 1358 1451 quae

202 1481 277 1526 vere
308 1465 370 1526 iam
400 1467 548 1530 eveniant
577 1466 627 1530 vel
654 1467 719 1530 sint
747 1473 929 1533 eventurae.
975 1468 1027 1534 Sic
1050 1468 1128 1533 Cato
1151 1470 1188 1533 R.
1213 1469 1249 1532 lt.
1273 1488 1298 1534 4.
1321 1471 1356 1530 2:

201 1564 288 1623 Dicit
315 1567 419 1625 vilicus
448 1567 551 1626 sedulo
580 1584 611 1626 se
641 1566 764 1639 iecisse,
794 1585 897 1628 servos
920 1587 978 1628 non
1002 1571 1139 1643 valuisse,
1163 1574 1358 1644 tempesta-tet

202 1662 420 1735 4414444444,
452 1681 552 1722 servos
576 1663 735 1738 aufugisse,
765 1684 839 1740 opus
862 1666 1013 1740 publicum
1037 1667 1182 1728 effecisse.
1227 1667 1285 1727 Ubi
1308 1683 1358 1726 eas

203 1761 336 1833 aliasque
360 1779 465 1820 causas
490 1762 596 1821 multes
621 1762 743 1839 dixerit,
767 1764 804 1822 ad
827 1766 972 1824 rationem
996 1782 1118 1838 operum
1142 1780 1358 1839 operarumque

202 1858 321 1916 vilicum
346 1875 462 1917 revoco.
494 1856 662 1922 Antecedit
682 1859 715 1922 iu
738 1859 959 1923 enuntiatione
983 1860 1089 1940 priore
1110 1858 1269 1940 particula
1285 1877 1358 1924 con-

203 1951 366 2023 ditionalis
396 1953 499 2018 Pleut.
528 1953 644 2018 Pseud.
670 1954 728 2035 ΙΙΙ,
756 1963 786 2035 2,
811 1962 866 2020 74:
905 1958 938 2018 Si
972 1962 1029 2020 iste
1064 1962 1132 2033 ibit,
1167 1961 1226 2020 ito:
1260 1959 1357 2035 stabit,

204 2058 301 2111 astato
327 2057 429 2113 semul.
461 2051 587 2117 Terent.
614 2054 710 2116 Andr.
736 2054 759 2130 Ι,
785 2061 812 2132 5,
838 2060 870 2118 3:
895 2060 1024 2118 Uxorem
1047 2060 1183 2119 44444444
1204 2059 1275 2117 dare
1293 2073 1358 2116 sese

204 2152 243 2208 mi
265 2151 367 2212 hodie:
393 2169 488 2211 noune
513 2155 645 2226 oportuit
668 2156 840 2216 Praescisse
864 2173 909 2214 me
933 2156 1024 2215 ante?
1052 2174 1150 2216 nonne
1172 2157 1256 2230 prins
1281 2173 1359 2214 com-

204 2251 382 2309 municatum
406 2250 559 2324 oportuit?
594 2250 674 2313 Eun.
699 2249 740 2328 ΙΙ,
762 2255 794 2327 2,
819 2245 873 2316 244
897 2253 997 2326 Nepai
1018 2257 1096 2329 quis:
1121 2271 1211 2328 nego;
1235 2255 1287 2330 ait,
1304 2253 1360 2313 444.

204 2342 368 2423 Η444ιι4.Ι,
398 2352 422 2424 1,
447 2350 501 2408 27:
538 2350 592 2408 Vel
622 2368 668 2409 me
691 2369 811 2414 mouere
835 2353 890 2410 hoc
913 2355 960 2412 441
983 2349 1155 2427 percontari
1179 2358 1265 2425 puta:
1302 2353 1360 2410 Re-

204 2448 319 2518 ctumsi‚
350 2451 451 2520 e'gou
434 2453 466 2506 ut
494 2445 616 2518 faciam;
650 2467 708 2510 non
736 2453 790 2516 444,
821 2457 851 2508 44
881 2457 914 2508 ut
943 2451 1118 2510 deterream.
1169 2445 1227 2524 ΙΙΙ,
1253 2452 1280 2525 1,
1305 2451 1359 2510 78:

205 2543 285 2600 Dare
314 2544 482 2622 denegaris:
513 2547 568 2604 ibit
598 2547 635 2606 ad
653 2546 738 2604 iliud
768 2548 846 2606 ilico.
898 2542 1027 2607 Phorm.
1052 2544 1093 2622 ΙΙ,
1122 2548 1147 2622 1,
1172 2546 1228 2608 35.
1263 2547 1361 2606 Unum

204 2654 349 2712 cognoris,
372 2643 467 2700 011111Ιὲ
491 2644 579 2703 noris.

291 2738 321 2798 2
356 2735 385 2798 b.
416 2740 636 2802 Indicotivus
624 2759 658 2798 44
680 2741 934 2802 enuntiationibus
955 2740 1213 2802 conditionalibus.
1259 2737 1362 2813 Quae·

207 2833 254 2896 444
278 2833 458 2897 enunciatio
490 2834 713 2900 conditionalis
736 2842 862 2900 constat
885 2853 922 2900 ex
945 2836 1071 2900 duabus
1095 2837 1255 2916 pertibus,
1284 2853 1362 2914 qua·

205 2948 276 2992 rum
301 2929 411 3006 altera,
435 2949 591 3012 quae-per
608 2934 852 2998 conditionalem
876 2934 1065 3013 particulam
1089 2936 1217 3012 sitnisi,
1240 2936 1362 3004 44444)

205 3025 348 3102 effertur,
372 3034 521 3105 sumptuve
544 3031 669 3094 dicitur.
708 3031 855 3110 sumptio
876 3038 984 3096 autem
1008 3031 1125 3110 triplex
1149 3049 1221 3096 esse
1244 3034 1362 3111 potest,

203 3131 329 3203 enuptio
356 3131 431 3202 4444,
458 3135 584 3204 sumptio
611 3131 688 3208 doti,
715 3134 842 3207 sumptio
869 3133 963 3191 dandi
991 3132 1033 3204 (v.
1057 3126 1176 3192 Eizler.
1202 3125 1362 3205 &promtis

206 3223 383 3304 isterongen
406 3244 436 3306 p.
462 3231 523 3300 61).
569 3227 605 3290 In
628 3231 791 3304 sumptione
813 3231 874 3302 44444
896 3233 1020 3296 tentum
1037 3223 1156 3305 aliquid
1179 3227 1246 3298 ficri
1263 3243 1361 3302 posse,

206 3320 276 3385 sola
299 3321 502 3402 possibilitas,
526 3330 562 3389 ut
584 3325 633 3388 ite
656 3326 773 3404 dicam,
803 3332 978 3404 spectatur,
1007 3341 1088 3403 quse
1112 3341 1238 3401 semper
1261 3322 1364 3386 adsci-

206 3418 268 3483 scit
292 3421 535 3486 coniunctivum.
581 3425 752 3500 Sumptionc
781 3427 846 3484 doti
872 3421 1150 3497 comminentur,
1179 3438 1260 3499 quae
1290 3420 1364 3484 date

208 3522 294 3594 sunt,
322 3517 388 3581 sive
418 3537 568 3600 concessa
596 3521 688 3586 alteri
712 3521 890 3599 4444444,
918 3519 972 3597 qui
994 3519 1108 3594 sumis,
1136 3517 1199 3581 iam
1223 3517 1363 3582 defensa.

207 3613 270 3689 (Sic
294 3614 472 3682 Gernhard.
497 3635 605 3698 opusc.
630 3638 660 3698 p.
685 3621 770 3698 216).
815 3619 960 3697 Denique
988 3621 1115 3692 sumptio
1135 3615 1230 3679 dandi
1253 3633 1365 3680 secun·

208 3714 283 3778 dum
307 3713 471 3781 Etzlerum
493 3734 523 3796 p.
549 3720 588 3780 66
612 3717 938 3796 testimoniales,
968 3735 1040 3781 cum
1064 3713 1218 3780 sumimus
1241 3714 1273 3776 in
1297 3713 1366 3776 uni·

207 3830 334 3877 versum
359 3833 425 3893 444,
454 3831 536 3894 quae
566 3816 693 3880 evenire
723 3821 857 3895 possunt
883 3831 1081 3895 quarumque
1110 3812 1194 3877 ratio
1217 3811 1365 3888 habetur,

210 3925 291 3988 quas
328 3911 441 3978 deinde
478 3913 658 3979 enunciatio
703 3913 854 3993 primaria
891 3912 1071 3977 accuratius
1109 3908 1283 3976 constituit.
1329 3907 1367 3971 ln

208 4010 429 4073 enuntiatione
458 4011 609 4090 primaria
636 4017 744 4073 autem
778 4009 950 4073 secundum
975 4009 1139 4073 Etzlerum
1162 4023 1191 4085 p.
1218 4008 1278 4068 166
1311 4008 1368 4069 aut

207 4124 246 4170 ea
266 4107 386 4186 insunt,
409 4126 492 4188 quoe
515 4123 643 4186 semper
666 4107 819 4172 eveniunt
840 4123 986 4186 quaeque
1010 4105 1138 4174 evenire
1160 4120 1292 4167 necesse
1307 4107 1367 4180 est,
