3048 4770
496 125 602 168 BNUNC.
631 125 900 169 tunnanooanlvne.
1217 138 1275 199 27}

121 307 168 374 Gi.
192 309 340 378 Donatus
362 315 402 379 ad
426 315 505 381 Eun.
529 315 573 396 ΙΙ,
598 322 627 396 3,
649 319 691 383 49
715 314 802 399 (rogo
825 319 971 394 competa
992 320 1085 394 colit).
1131 317 1281 400 ‘Abituri

121 426 160 474 ne
182 407 215 473 id
237 410 317 477 dure
340 410 493 494 facerent,
514 417 660 491 namquid
678 419 724 478 cis
746 413 898 480 dicebant
919 415 981 498 bis,
1003 417 1191 499 quibuscum
1207 435 1283 483 con·

119 506 300 575 ebibissent!
346 511 398 577 Sic
421 512 556 594 Adelph.
580 513 627 594 ΙΙ,
651 517 685 594 2,
710 519 767 580 39:
801 517 956 590 Numquid
982 519 1028 580 ois
1055 520 1125 594 quin
1156 518 1283 579 abeam?

119 605 164 670 Et
185 615 416 689 saepenumero
439 613 526 693 apud
548 611 708 680 Plautum.
741 611 895 678 Variatur
916 613 997 679 baec
1019 612 1172 679 formula:
1195 633 1281 676 oam-

120 708 194 782 oac'd
217 725 263 768 me
284 710 344 778 oia,
371 713 517 786 numquid
542 715 589 774 cis
611 713 710 782 aliud,
738 713 884 786 namquid
904 715 992 775 aliod
1014 717 1048 778 el
1070 712 1147 777 rel.“
1197 710 1279 778 Vide

120 804 217 870 etiarn
241 804 402 872 Handium
424 825 454 889 p.
480 813 544 875 320
566 813 600 875 et
622 814 684 874 324
708 815 741 874 et
764 808 846 874 adde
869 809 973 875 Plaut.
1000 808 1077 877 cist.
1101 811 1125 891 Ι,
1152 817 1179 892 1,
1205 815 1282 876 119:

118 903 276 979 Numquid
306 923 352 967 mc
378 911 438 988 oie,
471 917 585 988 mater,
619 911 702 972 iutro
730 912 799 986 quin
839 909 921 973 eam?
965 927 993 973 v.
1021 913 1097 974 121:
1131 913 1280 988 Numquid

117 1019 166 1066 me
188 1003 255 1066 vis?
299 1002 427 1070 Terent.
452 1005 535 1071 Eun.
559 1006 585 1086 Ι,
609 1011 638 1079 2,
664 1011 742 1073 lll:
765 1009 907 1084 numquid
928 1011 972 1070 vis
996 1009 1102 1073 aliud?
1137 1007 1213 1074 Hec.
1235 1005 1281 1088 ΙΙ,

118 1104 149 1182 2,
174 1103 230 1165 3οι
254 1104 404 1180 Numquid
426 1102 490 1168 uls?

207 1203 256 1264 21.
304 1204 429 1273 Utrum,
463 1203 548 1283 quod
579 1203 708 1284 proprie
736 1207 786 1268 est
808 1208 959 1268 neutrum
981 1203 1179 1285 pronominis
1201 1210 1278 1274 ater,

119 1296 253 1378 ponitur
268 1297 301 1361 in
316 1299 417 1380 priori
431 1300 574 1366 nembro
589 1301 850 1384 interrogationis
866 1301 1087 1383 disiunctivae,
1111 1301 1167 1367 ubi
1182 1317 1282 1382 saepe

121 1395 220 1460 etiam
244 1417 279 1460 ce
302 1397 441 1480 additur,
464 1399 504 1465 de
528 1417 590 1481 qua
613 1418 649 1465 re
673 1400 692 1478 §
718 1405 757 1466 22
782 1399 918 1481 dicetur,
941 1401 997 1492 ubi
1020 1400 1060 1466 ad
1084 1419 1125 1462 aa
1146 1417 1285 1481 perven-

117 1500 189 1558 tum
213 1496 283 1561 erit.
328 1496 366 1560 In
389 1497 498 1564 interr.
522 1499 671 1580 simplice
700 1499 841 1580 positum
872 1503 922 1564 est
943 1517 963 1562 a
985 1497 1102 1567 Plauto
1125 1497 1212 1564 Pers.
1236 1497 1278 1578 II,

118 1598 150 1673 2,
174 1597 232 1657 23:
257 1598 334 1670 Quid
358 1597 428 1661 me?
472 1596 565 1662 ΡΑΕ.
591 1601 700 1661 naam
722 1606 762 1674 to,
787 1601 889 1661 barole
905 1601 1040 1679 bauseio,
1064 1597 1119 1664 ubi
1142 1597 1281 1663 alterum

117 1693 299 1757 membrum
322 1693 474 1759 omissum
497 1700 556 1762 est.
601 1695 764 1762 Incertum
797 1700 847 1762 est
870 1696 1068 1775 exemplum,
1096 1695 1182 1777 quod
1205 1695 1288 1761 Dio--

115 1791 231 1855 medes
253 1791 287 1871 Ι,
310 1809 340 1873 p.
367 1797 429 1858 ata
453 1791 548 1858 affert
574 1812 614 1860 ex
642 1794 709 1860 biv.
742 1794 913 1862 Andronici
942 1793 999 1860 Od.
1030 1794 1049 1859 l.
1075 1793 1151 1860 VII:
1178 1801 1282 1858 atram

116 1908 216 1967 genna
239 1896 424 1968 amplectens
447 1895 590 1969 virginem
614 1902 726 1956 oraret.

206 1991 259 2053 22.
302 1991 363 2059 Aa,
386 2007 467 2070 quae
491 1991 593 2056 verba
617 1996 692 2056 sunt
715 1991 833 2056 Handii
855 1991 888 2056 in
910 1991 1047 2060 Turseli.
1071 1991 1126 2072 IV,
1151 2009 1182 2072 p.
1207 1993 1279 2065 298,

117 2086 300 2152 coniunctio
323 2093 391 2169 cst,
422 2106 504 2169 quae
525 2088 712 2172 ambiguum
735 2095 769 2154 et
790 2090 831 2156 ab
854 2090 924 2157 aliis
947 2089 1207 2158 constituendum
1230 2088 1287 2153 ium

116 2183 237 2250 dicium
266 2189 359 2251 notat
384 2191 418 2252 et
447 2187 691 2253 disiunctionem
726 2186 825 2254 eflicit
858 2189 889 2253 in
923 2187 1045 2252 incerta
1075 2188 1280 2270 cogitatione,

117 2301 203 2365 quae
225 2289 284 2349 aut
310 2284 518 2352 dubitationis
544 2292 601 2351 aut
623 2286 885 2368 interrogationis
915 2284 1056 2351 formula
1080 2285 1278 2367 exprimitur.

116 2381 156 2446 In
184 2380 393 2448 describendo
424 2389 533 2450 autem
563 2403 624 2450 usu
655 2384 750 2450 buius
779 2383 958 2467 particulae
989 2401 1105 2464 sequar
1139 2381 1207 2449 iere
1242 2398 1282 2446 ea
1400 2373 1406 2388 ‘

116 2497 249 2562 genera,
274 2497 356 2561 quae
380 2482 548 2548 constituit
569 2482 734 2564 Handius,
757 2502 793 2549 ac
815 2483 953 2565 primum
976 2482 1102 2563 quidem
1126 2480 1280 2547 dubitati-

116 2596 195 2644 vum
218 2595 312 2644 usum
334 2579 520 2661 particulae,
543 2581 599 2663 qui
621 2585 712 2648 extra
734 2581 1018 2664 interrogationem
1042 2580 1147 2646 locum
1169 2577 1284 2658 babet,

117 2676 339 2742 considerabo.
1072 2693 1076 2702 ·

206 2793 234 2840 a.
279 2777 331 2836 Aa
352 2777 500 2859 ponitur,
529 2778 583 2844 ubi
614 2777 812 2859 dubitamus,
845 2797 884 2843 ex
913 2778 1038 2844 duabus
1060 2776 1111 2842 vel
1134 2772 1281 2856 pluribus

116 2873 219 2940 rebus
243 2877 318 2939 utra
340 2875 382 2940 sit
407 2876 615 2956 nominanda,
647 2875 832 2956 indicatque
855 2877 1098 2942 disiunctionem
1120 2874 1153 2937 in
1175 2871 1279 2937 altera

115 2989 154 3038 re
180 2971 410 3039 substituenda.
444 2974 555 3040 Altera
577 2973 665 3056 prior
686 2991 763 3054 pars
785 2973 1005 3039 disiunctionis
1021 2971 1183 3038 antecedit
1205 2987 1276 3036 cum
1395 2971 1404 2982 “

115 3069 287 3151 particulis
307 3077 423 3143 otram,
449 3079 552 3136 atram
574 3103 615 3116 -·-
636 3091 688 3144 ac.
711 3075 745 3135 et
766 3069 851 3152 quod
873 3088 932 3152 pro
955 3087 994 3136 oo
1016 3070 1133 3135 dicitur
1154 3087 1206 3138 cc,
1228 3065 1283 3132 vel

116 3168 218 3234 otiam
241 3168 329 3234 nulla
351 3173 574 3238 coniunctione
603 3167 754 3238 adbibita.
799 3169 851 3234 lta
872 3166 1161 3251 ponunturomnia
1180 3164 1279 3229 verba

117 3265 350 3334 dubitationis:
373 3273 482 3340 dubim,
503 3269 625 3332 datiam
647 3275 697 3357 est,
718 3271 832 3345 sonoro,
854 3269 959 3338 mocio,
981 3265 1054 3332 alia.
1098 3265 1165 3330 Nec
1188 3263 1279 3346 quid-

118 3385 217 3450 quam
246 3369 278 3434 in
307 3369 367 3436 hac
395 3387 431 3434 re
453 3372 608 3450 mutatur,
637 3366 690 3432 ubi
713 3371 779 3431 tres
806 3365 858 3431 vel
887 3365 996 3446 plures
1018 3383 1076 3446 por
1098 3383 1140 3425 aa
1161 3362 1281 3445 disiun-

118 3475 244 3551 guntur
266 3486 329 3534 res.
373 3467 458 3533 Illud
481 3469 588 3532 tamen
611 3466 784 3531 tenendum
806 3471 867 3545 est,
891 3481 942 3530 res
965 3481 1031 3543 eas,
1054 3479 1135 3544 quae
1158 3479 1217 3542 por
1240 3478 1281 3521 oc

116 3571 291 3649 ponantur,
315 3566 458 3633 divorsas
482 3581 552 3631 esse
568 3564 687 3630 debere
704 3571 737 3628 et
752 3563 949 3628 constituere
964 3578 1076 3626 novam
1099 3557 1279 3626 sententiae

116 3669 256 3747 partem.
302 3663 336 3729 Si
357 3664 495 3730 alterum
518 3663 693 3728 membrum
725 3666 775 3726 est
796 3661 996 3742 ntegativum,
1018 3658 1137 3723 dicitur
1159 3675 1200 3718 oa
1220 3675 1281 3718 ooo

113 3762 290 3842 colmere,
313 3761 373 3830 boc
395 3767 512 3841 temen,
536 3761 620 3828 sicut
639 3760 736 3824 etiam
760 3757 1130 3840 ininterrogationibus,
1154 3761 1281 3844 tantum

115 3862 150 3926 in
175 3861 305 3942 obliqua
332 3861 477 3927 oratione
504 3859 649 3941 ponitur,
682 3858 754 3924 vide
776 3857 878 3922 Haud.
903 3857 935 3937 Ι,
963 3875 992 3936 p.
1018 3859 1080 3922 340
1102 3871 1147 3934 sq.
1171 3854 1226 3929 IV,
1249 3871 1279 3934 p.

115 3963 160 4024 85
184 3977 231 4040 sq.
275 3958 389 4026 Naevii
415 3958 453 4024 fr.
476 3963 497 4023 8
523 3958 582 4022 inc.
612 3973 706 4022 calm:
734 3963 835 4020 otum
858 3959 998 4033 scapulae
1021 3959 1089 4032 plus
1120 3973 1162 4034 aa
1184 3957 1279 4016 collus

116 4062 192 4122 calli
226 4062 285 4120 iam
320 4061 444 4136 babent,
475 4058 580 4119 amolo.
630 4053 848 4136 planteam.
871 4054 921 4134 ΙΙ,
946 4057 979 4132 2,
1007 4057 1057 4116 18;
1093 4054 1146 4112 Set
1178 4056 1280 4110 elram

114 4159 286 4220 strictimne
308 4163 495 4220 attonsorum
518 4158 614 4216 dicant
636 4173 702 4218 csse
725 4171 767 4215 on
788 4173 843 4231 per
864 4155 1015 4230 pectinem
1038 4151 1161 4228 Nescio,
1182 4146 1225 4210 ad
1246 4164 1283 4227 q.
