3090 4768
207 205 245 265 12
634 197 761 237 VERBUM.
790 198 852 238 OAP.
867 199 927 239 VIII.

204 383 235 448 h.
259 403 285 450 e.
310 385 393 449 rnele
416 384 618 464 multabitur,
640 387 758 450 melum
782 385 915 452 habebit
937 384 1074 465 (Paria).
1118 383 1247 447 Phorm.
1271 384 1310 464 V,
1326 387 1356 462 6,

207 485 261 564 10:
306 486 373 545 Non
396 485 519 546 manes?
563 483 629 548 Gn.
657 488 780 560 Vapaio.
825 484 893 548 AN.
938 487 971 545 ld
996 486 1114 561 quidem
1137 486 1192 544 tibi
1214 487 1272 544 iam
1294 483 1357 546 fiet.

203 580 253 646 De
276 579 487 646 intransitivis
507 601 616 652 uorem,
641 585 736 652 baeu,
758 589 853 645 metuo
874 583 946 647 vide
967 580 1110 646 Perizon.
1134 580 1174 644 ad
1198 579 1303 644 Senot.
1326 596 1357 658 p.

205 681 278 742 356.
323 677 427 741 Pleut.
458 677 549 744 Truc.
573 680 629 760 IV,
653 687 681 759 3,
706 685 761 745 35:
792 687 897 761 meam,
924 690 1027 758 patres
1058 687 1130 757 quot
1158 679 1270 740 fuerint
1300 684 1358 744 lso.

204 774 306 840 huius
332 775 447 856 puerit
499 795 528 840 v.
564 783 619 842 46:
671 781 780 856 remeo,
815 797 901 856 qnam
935 799 1003 841 mox
1037 782 1183 841 nominer.
1229 775 1358 840 Terent.

203 873 302 938 Andr.
333 873 358 954 1,
386 877 415 952 2,
445 879 477 938 b:
531 879 661 938 Verebar
691 897 831 955 quorsum
861 881 1011 940 evaderet.
1062 875 1088 954 I,
1118 881 1146 955 5,
1176 878 1233 938 29:
1261 877 1357 952 bmeo,
1441 866 1446 872 ’

203 975 350 1034 intertum
374 975 431 1034 hoo
455 993 594 1051 quorsum
619 978 743 1042 aecidat.
789 975 915 1040 Phorm.
939 973 995 1054 IV,
1021 979 1050 1054 3,
1075 979 1108 1038 3:
1155 977 1248 1048 Quem
1272 973 1358 1032 timeo

205 1072 349 1132 adventus
376 1073 462 1136 huius
493 1091 550 1149 qno
581 1076 707 1150 inpellat
734 1083 859 1151 patrem.
905 1074 986 1137 Eun.
1011 1072 1066 1152 IV,
1091 1077 1119 1152 3,
1144 1059 1176 1136 2':
1208 1075 1264 1133 boo
1288 1073 1358 1147 quid

204 1171 244 1230 sit
265 1187 376 1233 aerem.
603 1161 606 1167 '

290 1265 393 1347 Saepe
416 1267 547 1334 verbum
567 1269 768 1334 transitivum
783 1271 954 1342 repereram
970 1267 1231 1351 significationem
1246 1266 1359 1346 induit,

203 1361 236 1426 in
258 1379 322 1443 qua
344 1368 452 1429 tamen
474 1382 509 1429 re
533 1367 708 1431 cavendum
732 1374 782 1437 est
804 1386 845 1446 ne
859 1368 986 1447 ellipsin
1002 1373 1148 1432 stuatuas
1164 1364 1361 1447 pronominis

203 1459 352 1542 reflexivi,
387 1462 543 1543 siquidem
567 1465 643 1530 sola
675 1466 827 1547 cogitatio
862 1467 995 1531 aetionis
1025 1465 1129 1530 animo
1159 1465 1358 1529 obversatur.

203 1559 252 1624 De
281 1559 413 1626 Graecis
441 1563 513 1628 vide
541 1564 659 1629 Bernh.
687 1584 717 1645 p.
747 1570 904 1644 339'sqq.
951 1563 1029 1629 Cato
1059 1563 1097 1628 fr.
1121 1562 1201 1644 orig.
1224 1563 1243 1625 l.
1267 1561 1283 1625 Ι
1305 1578 1357 1640 ap.

204 1655 286 1728 Geli.
303 1657 423 1739 XVIII,
444 1665 490 1740 12,
515 1662 584 1738 §72
609 1683 644 1724 eo
668 1684 717 1726 res
740 1683 841 1726 eorum
863 1667 956 1726 auoit·
1000 1662 1095 1726 Ennii
1114 1660 1188 1725 fre
1211 1658 1360 1739 Telephi:

203 1759 244 1818 Et
275 1759 425 1820 civitatem
456 1762 542 1823 video
570 1765 709 1839 Argivum
735 1764 892 1825 incendere
921 1761 973 1835 (Ν.
996 1780 1024 1826 v.
1054 1759 1191 1840 civitas),
1218 1760 1258 1824 ed
1287 1756 1358 1837 ql.

203 1854 311 1920 Both.:
358 1855 430 1934 ,Sic
453 1857 535 1936 libri,
565 1859 741 1939 accipiente
765 1859 911 1925 Mercero
932 1861 1089 1922 iraeadem
1109 1858 1237 1939 passiva
1260 1856 1358 1936 signi-

203 1949 361 2032 ficatione,
385 1959 421 2021 ut
436 1955 561 2036 vehere,
585 1964 722 2034 vertere,
743 1962 876 2038 mutare,
900 1977 1039 2028 movere,
1055 1957 1225 2035 insinuare,
1242 1972 1360 2035 suppe-

204 2050 317 2131 ditare,
340 2069 481 2132 aequare
504 2060 565 2119 cet.
610 2053 708 2120 Seriv.
742 2062 849 2120 tamen
876 2055 1047 2120 secuudum
1076 2055 1156 2120 alios
1177 2054 1361 2116 eamear

203 2147 306 2215 Plaut-
334 2149 450 2216 Bacch.
480 2151 518 2232 V,
549 2159 575 2232 1,
600 2157 656 2218 20:
702 2158 789 2218 Unde
816 2155 915 2232 opere,
946 2153 976 2216 h.
1001 2173 1026 2218 e.
1052 2153 1120 2234 agis
1143 2159 1185 2232 te,
1208 2171 1238 2213 v.
1260 2150 1361 2216 adno-

202 2249 357 2314 tationem
386 2249 592 2316 Taubmanni.
638 2251 728 2332 Oapt.
756 2252 815 2330 III,
847 2258 874 2330 1,
898 2259 954 2316 37:
987 2262 1033 2314 est
1062 2255 1108 2313 illi
1134 2256 1175 2312 mi
1191 2271 1260 2312 una
1288 2269 1359 2324 spes

205 2351 356 2409 esnatica:
412 2353 443 2412 Si
480 2370 517 2412 ea
549 2352 705 2428 denotabit,
743 2353 847 2414 redibo
883 2355 940 2413 hue
974 2353 1012 2413 ad
1046 2370 1160 2424 senem,
1198 2350 1238 2414 ad
1272 2367 1300 2429 q.
1335 2347 1358 2412 l.

203 2443 360 2510 Gronov:
411 2446 678 2529 „Intelligendum
708 2467 880 2525 pronomen
906 2469 950 2511 se:
988 2449 1034 2513 sio
1060 2448 1159 2528 igitur
1185 2467 1249 2524 spes
1278 2449 1361 2508 deuo·

203 2545 255 2614 tat,
283 2563 397 2626 nempe
421 2564 455 2610 se
477 2545 589 2626 ipsam,
612 2564 694 2626 quae
710 2547 830 2626 defluit,
853 2547 973 2626 interit,
997 2545 1206 2612 sublabitur.“
1251 2545 1358 2609 Lind:

204 2641 304 2722 „spes
338 2647 471 2706 deoolme
504 2644 635 2724 dieitur,
669 2662 766 2725 quum
800 2643 890 2710 fallit.
942 2644 1074 2724 Proprie
1109 2645 1191 2708 enim
1226 2647 1361 2707 decolore

202 2739 351 2808 activum,
364 2748 414 2805 est
434 2741 582 2822 idemque
611 2743 697 2822 quod
717 2763 773 2820 per
794 2749 891 2806 colum
913 2748 1128 2808 transmittere.
1175 2742 1255 2806 Tum
1278 2759 1356 2807 vero

202 2837 397 2902 intransitivi
420 2840 580 2904 notionem
604 2842 729 2922 accipit,
752 2846 789 2906 nt
811 2840 883 2906 Ces.
908 2841 949 2921 Il,
970 2847 999 2920 4,
1025 2845 1082 2904 28:
1119 2843 1150 2903 Si
1174 2860 1237 2902 sors
1258 2848 1358 2902 autem

203 2937 363 3005 derrasse.
412 2943 461 3000 Sie
491 2943 579 3016 plane
610 2949 775 3004 nostrates:
826 2937 889 3004 ibit
918 2937 1089 3022 meinung,
1121 2937 1178 3002 bui
1208 2933 1291 3002 tend
1321 2933 1358 3015 tp

203 3033 453 3120 buttbgeiulltn.“
498 3035 563 3101 Mil.
586 3036 642 3116 IV,
659 3042 687 3117 3,
705 3035 760 3101 37:
784 3041 932 3117 Numquid
955 3041 1072 3100 vitietur
1094 3041 1244 3100 demutare
1267 3045 1357 3113 atque

202 3142 236 3196 ut
272 3137 390 3213 quidem
428 3140 497 3198 Dixi
536 3155 603 3200 esse
640 3140 723 3199 vobis
760 3140 868 3199 dudum
907 3140 985 3199 huno
1022 3140 1175 3198 moechum
1212 3135 1357 3196 militem?

203 3231 357 3298 Lindem:
381 3238 565 3310 „Demutare
587 3235 789 3299 intransitiva
810 3237 948 3305 notione,
971 3239 1046 3296 alius
1063 3252 1139 3310 esse,
1164 3238 1240 3295 alius
1259 3233 1358 3295 fieri.“

203 3326 276 3392 Cae.
304 3330 346 3408 ΙΙ,
371 3338 399 3411 b,
423 3337 476 3398 30:
522 3337 679 3409 Opinione
700 3337 806 3395 melius
837 3336 970 3397 restiti
1001 3335 1109 3394 babeat
1135 3341 1194 3392 tue.
1241 3329 1354 3409 Amph.

203 3425 297 3507 lta,
324 3435 397 3493 170:
442 3434 566 3496 nautea.
611 3429 685 3494 AM.
731 3433 817 3510 Quid,
841 3442 997 3508 postquam
1022 3432 1103 3491 labi?
1148 3429 1240 3493 -Trut,
1264 3427 1307 3506 II,
1325 3433 1354 3511 3,

102 3619 106 3626 ἢ
202 3543 232 3590 v.
259 3532 359 3592 1-4:

331 3630 424 3690 Piscis
448 3647 501 3704 ego
525 3627 624 3703 eredo,
648 3632 815 3704 quiesque
840 3631 907 3689 dum
931 3631 1039 3701 vivont,
1063 3629 1174 3702 manat,

332 3729 431 3789 Minus
452 3727 505 3787 diu
527 3729 639 3795 lavare,
662 3747 748 3802 quem
772 3729 846 3788 haee
870 3729 954 3787 boot
976 3728 1194 3788 Phronesium.-

331 3826 361 3886 Si
384 3827 511 3901 proinde
534 3835 670 3887 amentur
692 3827 843 3898 mulieres,
867 3826 916 3885 diu
940 3843 1026 3900 quem
1050 3815 1161 3892 tramit,

331 3927 440 3984 Omnes
464 3933 598 3985 amantes
623 3926 813 3986 balneatores
838 3925 926 3995 sient,

202 4020 243 4085 ad
266 4036 294 4098 q.
318 4019 338 4082 l.
362 4018 548 4085 Turnebus:
594 4019 749 4099 „Plautus
772 4019 949 4085 aVarrone
972 4019 1085 4084 leviter
1100 4017 1358 4098 reprehenditur,

203 4117 259 4197 qui
295 4123 407 4184 eontra
442 4118 621 4199 analogiam
659 4119 786 4184 loeutus
824 4117 866 4183 sit
902 4125 934 4182 et
975 4122 1075 4179 lavare
1114 4116 1246 4186 dixerit,
1284 4133 1358 4180 cnm

202 4215 367 4282 debuisset
389 4219 514 4280 levari.“
558 4217 604 4281 Ib.
628 4217 670 4295 ΙΙ,
694 4225 725 4294 4,
749 4221 803 4280 27:
847 4219 966 4278 nabot
988 4217 1068 4276 iem?
1112 4215 1238 4279 Terent.
1257 4214 1356 4279 Andr.
