3048 4770
225 192 288 254 232
504 183 567 226 GAP.
581 183 627 224 XV.
658 181 812 224 Deeratne
838 181 1088 224 tantumlocuti.

224 378 330 452 Neque
353 377 418 449 agri
439 391 535 450 neque
560 375 643 434 urhis
665 376 764 435 odium
788 392 834 434 mc
857 391 994 450 nmquam
1012 374 1150 448 percipit.
1195 371 1254 436 Ad.
1277 370 1338 448 III,
1355 375 1384 446 λ,

224 477 267 536 48
290 487 352 550 su:
376 474 429 531 λοι
449 472 636 531 relicuomst:
667 473 698 531 Si
730 473 843 534 infitias
864 475 935 545 ibit,
959 475 1045 534 testis
1067 489 1182 533 mecum
1203 475 1248 531 cat
1268 473 1383 531 anulus.

226 568 338 634 Oratio
361 573 544 632 recta-cum
568 564 698 647 obliqua
720 567 889 632 coniuncta
911 572 962 632 est
983 568 1109 634 Phorm.
1134 567 1172 646 V,
1195 571 1226 645 6,
1251 571 1293 630 25
1311 583 1382 644 sn:

227 669 404 747 „Sophrona
425 667 512 725 modo
534 665 659 726 tratrem
682 665 760 726 ltne“
781 669 879 743 inquit
903 670 1004 744 ‚aenis
1023 668 1191 728 innodarit
1205 661 1384 726 Chremem‘

225 767 366 840 Eamque
389 781 466 823 nuno
490 779 550 823 cccc
571 766 653 824 intus
675 781 742 841 cnm
764 767 835 827 illis.

262 877 264 884 ·
310 859 383 923 Non
404 861 675 940 praetereundum
699 861 842 940 videtur,
871 860 956 941 qnod
978 859 1051 925 Ter.
1074 859 1134 924 Ad.
1157 859 1204 938 Π,
1229 863 1258 938 2,
1282 864 1302 922 4
1325 875 1384 937 per

226 957 473 1038 comparationis
496 957 686 1037 particulam
709 977 800 1033 mam
820 975 1012 1040 praegresso
1033 956 1250 1038 comparativo
1265 957 1383 1036 prima-

223 1056 272 1120 ria
306 1053 485 1120 enuntiatio
518 1053 656 1120 humata
685 1063 752 1135 est,
789 1073 871 1135 quae
901 1056 1091 1122 secundaria
1121 1073 1194 1120 esse
1227 1054 1383 1118 debebat:

224 1256 383 1314 internos
407 1253 472 1324 luit,
495 1250 551 1315 ubi
573 1256 755 1331 exspectas:
780 1271 866 1329 qnam
890 1271 974 1330 quae.
1075 1307 1078 1312 .
1196 1306 1201 1314 ,

312 1356 360 1413 lt.
406 1347 503 1426 Quasi
527 1349 725 1427 praeteriens
755 1345 854 1413 affero
884 1348 1005 1431 figuras
1032 1348 1200 1414 nonnullas
1223 1364 1382 1428 mamma-

223 1446 376 1524 ticorum‚
407 1462 489 1525 quae
512 1447 641 1526 proprie
664 1465 726 1512 nou
742 1449 910 1528 -pertinent
938 1447 980 1512 ad
1004 1448 1164 1530 syntauin,
1195 1446 1251 1510 sed
1266 1446 1384 1526 potius

225 1541 268 1607 ad
304 1542 507 1608 rhetoricam.
555 1542 698 1607 Primum
732 1548 929 1625 typcttccen,
964 1546 1004 1612 de
1037 1563 1101 1624 qua
1127 1544 1231 1609 Rudd.
1259 1559 1291 1624 p.
1321 1548 1384 1606 394

223 1639 333 1704 adnot.
359 1645 393 1703 6:
408 1639 632 1720 „Imperfecta
654 1641 824 1723 hypallage
846 1649 909 1724 est,
932 1663 1003 1709 cum
1027 1663 1109 1708 unus
1130 1643 1226 1706 modo
1250 1657 1382 1708 casuum

223 1741 430 1817 permutatur
458 1736 576 1809 altero,
599 1736 699 1819 fitque
722 1739 769 1804 ita
788 1740 1035 1807 constructionis
1058 1739 1383 1817 mutatic,1ttPlaut

222 1831 421 1898 Menaechm.
444 1833 482 1914 V,
500 1841 529 1913 2,
548 1841 622 1900 121:
645 1841 683 1898 Ei
708 1840 871 1916 derepente
895 1847 997 1902 tantus
1013 1843 1133 1902 morbus
1155 1839 1269 1900 incidit
1294 1843 1381 1914 (pro:

222 1933 329 1994 iaeidit
356 1937 387 1993 in
418 1941 533 1995 tantum
555 1938 714 2015 morbum),
737 1935 808 2000 Ter.
833 1937 991 2016 Hec'IV,
1012 1944 1043 2016 4,
1068 1939 1106 2000 67
1113 1957 1121 1997 t
1144 1940 1231 1998 Nunc
1252 1936 1383 1996 animum

222 2049 339 2091 rursum
368 2034 407 2093 ad
433 2035 622 2094 meretricem
654 2037 771 2095 induxti
797 2045 892 2114 tuom,
922 2035 1086 2114 (inducere
1112 2032 1233 2114 aliquid
1255 2031 1287 2097 in
1313 2033 1384 2096 ani·
1497 2041 1498 2054 ¹

220 2129 335 2206 mum),
372 2129 456 2193 Eun·
475 2128 529 2204 IV,
554 2135 588 2208 3,
610 2138 646 2194 4;
682 2135 778 2216 ipsam
808 2137 918 2209 capillo
948 2135 1095 2195 conscidit
1124 2128 1210 2212 (prot
1239 2135 1384 2208 capillum
1497 2213 1498 2216 Ἴ

221 2226 280 2300 ipsi
304 2228 471 2302 conscidit).
516 2229 640 2293 Deinde
663 2233 909 2306 conceptam,
936 2230 977 2294 de
1006 2246 1069 2309 quc
1091 2247 1121 2291 v.
1143 2229 1317 2294 Diomedes
1340 2229 1382 2304 ll,

219 2338 252 2402 p·
274 2326 338 2387 442
360 2322 394 2388 Ρ.
418 2323 461 2390 de
480 2325 694 2392 schematibus
717 2346 746 2407 p.
774 2334 854 2393 1774
878 2329 928 2393 P.:
964 2327 1029 2408 „Et
1055 2327 1150 2397 aliter
1172 2320 1387 2403 ὁμοιόπτωτον
1497 2351 1498 2354 “

221 2415 271 2499 fit,
300 2438 371 2486 cum
395 2423 496 2487 oratio
520 2424 660 2490 excurrit
686 2425 870 2491 in-eosdem
891 2443 1002 2491 casus.
1018 2429 1052 2490 et
1078 2423 1198 2492 similes
1225 2422 1319 2499 tues,
1347 2431 1387 2488 nt

221 2517 345 2582 Ennius
362 2520 491 2601 1111111111.
519 2539 548 2584 v.
575 2525 634 2585 107
657 2521 817 2599 Vahlenlz
851 2527 1025 2587 Maerentes
1053 2524 1160 2584 flentes
1181 2525 1386 2585 lacrimantes

224 2619 500 2679 commiserantes.“
544 2619 690 2698 Denique
706 2624 913 2698 polyporum,
941 2621 985 2686 de
1013 2639 1077 2702 quo
1100 2619 1272 2686 Diomedes
1294 2620 1318 2684 l,
1340 2619 1386 2698 ΙΙ,

221 2728 253 2792 p.
277 2716 318 2776 96
341 2712 390 2776 ed.
413 2709 523 2778 Coton.
548 2719 646 2780 1536:
670 2709 904 2795 ,Πολύπτωτον
927 2723 978 2784 est
999 2717 1103 2783 oratio
1126 2735 1257 2782 casuum
1279 2718 1388 2782 varie-
1498 2791 1499 2802 ,

224 2814 292 2874 tate
316 2809 476 2890 distincta,
498 2815 535 2876 ut
557 2813 661 2877 estin
685 2815 836 2881 Terentio
859 2815 1008 2898 (Adelph.
1034 2814 1092 2895 llI,
1115 2822 1145 2894 4,
1170 2817 1310 2892 9-12):

390 2911 425 2970 In
447 2914 476 2969 te
498 2929 567 2987 spes
590 2916 701 2987 omnis,
726 2917 836 2993 Hegio,
860 2918 945 2978 uobis
969 2919 1074 2977 sitast:

396 3009 438 3068 Te
461 3012 555 3070 solum
579 3011 736 3086 hahemus,
760 3019 793 3076 ta
814 3033 847 3076 es
869 3023 1028 3090 patronus,
1051 3017 1083 3074 tc
1104 3020 1206 3088 pater:

393 3109 449 3167 lllc
473 3108 527 3170 tect
545 3112 683 3171 moriens
702 3129 756 3174 uos
780 3113 996 3174 commendarit
1018 3128 1123 3172 senex:

390 3206 423 3265 Si
446 3206 563 3266 deseris
583 3211 628 3282 tu,
651 3208 826 3282 periimus.“

314 3304 361 3366 lc.
383 3299 632 3368 Enuneiationes
655 3305 887 3370 conditionales
912 3308 944 3370 in
962 3305 1118 3371 doctrina
1144 3313 1325 3388 temporum
1350 3311 1385 3372 et

222 3394 389 3460 modorum
404 3400 560 3462 tractatae
584 3405 668 3479 suut,
691 3403 749 3466 sed
771 3421 867 3466 unum
891 3409 1000 3471 tamen
1022 3404 1062 3470 de
1084 3403 1133 3469 his
1156 3403 1316 3485 reliquum
1332 3410 1387 3470 ost

224 3497 262 3554 nt
283 3490 344 3557 hoc
365 3492 436 3558 loeo
459 3495 604 3561 addatur.
649 3498 860 3568 Inveniuntur
880 3504 965 3567 enim
987 3502 1148 3568 interdum
1179 3503 1264 3566 duae
1283 3519 1385 3566 enun-

226 3589 379 3654 tiationes
401 3594 580 3674 sumptivae
605 3596 638 3658 ἐκ
665 3592 864 3678 παραλλήλου
886 3599 1021 3682 positae,
1045 3617 1179 3680 quarum
1196 3599 1308 3664 eadem
1331 3607 1384 3664 est
1498 3639 1499 3664 r

224 3688 536 3768 seutentiarelatae
559 3694 601 3758 ad
625 3710 718 3758 unam
740 3697 996 3764 enunciationem
1027 3697 1282 3764 conditionalem.
1328 3698 1383 3764 Sic

222 3781 304 3945 10310
343 3803 387 3850 or.
406 3807 485 3870 :pro
520 3791 616 3856 Turio
657 3811 687 3872 p.
722 3798 782 3872 62,
824 3799 860 3875 3,
894 3805 925 3860 4.
983 3796 1089 3862 Plaut
1134 3795 1248 3860 Pseud.
1280 3796 1317 3875 l,
1351 3803 1383 3876 2,

280 3899 348 3962 sqq.
1298 3917 1302 3922 '

289 3985 376 4045 Nunc
399 3985 473 4047 adeo
496 3988 573 4050 hauc
597 3989 773 4052 edictionem
794 3992 855 4050 nisi
876 3996 1005 4057 animam
1029 3995 1189 4056 mvoretts
1209 4013 1323 4068 onmes,

286 4083 359 4142 Nisi
382 4101 515 4146 munuum
539 4089 764 4164 socordiamque
788 4107 826 4150 ex
847 4097 972 4164 pectore
994 4095 1150 4167 ccnhsquc
1173 4095 1324 4171 metis,

234 4198 240 4236 :
286 4183 344 4242 lto.
357 4191 539 4258 ego=voatra
560 4188 659 4246 latera
677 4189 755 4246 loris
774 4187 882 4250 latiam
906 4196 982 4284 cett.
