3076 4762
528 135 567 175 DE
582 133 680 174 uobis.
694 151 720 163 -·
733 126 928 171 lunloaurvus.

653 443 819 537 Capilli.

586 631 657 696 De
693 627 895 692 modis.

247 817 357 881 Trium
380 815 546 880 modorum
566 815 670 893 ¹vorbi,
694 814 748 894 qui
771 819 882 888 artant
903 809 936 874 in
958 809 1068 888 liugua
1091 803 1192 869 latina
1206 805 1316 863 notam

162 919 212 980 est
238 915 436 977 indoctiorem
459 914 626 992 pertinere
655 912 695 977 ad
721 909 990 991 significationem
1017 901 1165 968 veritatis
1196 897 1317 972 (Herm.

162 1014 202 1078 de
235 1012 357 1077 emend.
388 1017 452 1077 rut„
477 1029 583 1092 graec.
613 1016 779 1090 grammat.
804 1027 835 1088 p.
860 1011 943 1084 205),
967 1003 1183 1066 cmclcncb'cum
1205 1009 1321 1078 propo-

161 1128 238 1176 nere
260 1127 330 1174 rern
360 1127 386 1174 s.
409 1109 566 1174 actionem
589 1125 628 1171 ex
650 1106 719 1174 sola
741 1105 934 1193 cogitatione
962 1115 1166 1181 suspensam,
1193 1097 1322 1169 laperc-

162 1212 256 1271 uuum
289 1207 431 1288 denique·
457 1206 545 1287 pom,
580 1205 606 1268 sl
635 1203 781 1270 iubemus
809 1210 842 1268 et
869 1201 1030 1277 volumus,
1064 1198 1102 1260 ut
1130 1190 1250 1271 aliquid
1280 1189 1322 1252 cit

164 1307 232 1373 sive
256 1303 321 1369 fiat.

255 1410 281 1467 l.
326 1401 491 1464 Incursu
517 1413 595 1466 usus
622 1401 707 1480 apud
724 1398 846 1480 priscos
870 1397 1043 1476 scriptores
1064 1388 1165 1455 multo
1189 1383 1321 1450 liberior

167 1508 217 1566 ost
228 1495 322 1581 que-m
336 1499 423 1580 apud
438 1499 645 1580 posteriores,
662 1497 807 1578 inprimis
822 1481 1319 1573 ininterrogationibusobliquis

166 1604 199 1662 et
219 1596 497 1664 enunciationibus
520 1596 694 1674 obiecturus,
718 1613 801 1675 quoe
823 1593 950 1657 illarum
972 1588 1107 1654 formum
1122 1583 1253 1648 induere
1271 1595 1322 1642 so·

165 1695 247 1776 lent,
277 1695 392 1760 deinde
421 1695 453 1757 in
481 1711 542 1760 usu
566 1693 744 1773 particulae
775 1713 880 1768 quam,
904 1695 971 1752 turn
994 1688 1027 1750 in
1050 1676 1325 1751 enunciationibus

167 1783 376 1872 secundariis,
405 1808 486 1871 quae
509 1791 697 1856 interiectae
726 1796 802 1855 sunt
825 1787 961 1853 orationi
984 1783 1132 1862 obliquae
1154 1777 1206 1842 vel
1228 1788 1325 1844 cnun-

168 1891 367 1970 ciatiouibns‚
390 1906 472 1970 quae
494 1888 613 1955 babent
631 1888 898 1953 coniunctivum.'

251 2005 279 2052 a.
325 1988 411 2053 Usus
440 1986 583 2066 vulgaris
613 1986 776 2052 indicativi
803 1981 1033 2048 Ramsbornius
1063 1977 1096 2040 in
1124 1987 1260 2054 gramm.
1291 1985 1325 2047 p.

159 2089 227 2150 ‘405
251 2083 346 2149 affert
367 2084 446 2148 baec
469 2083 532 2146 duo
557 2083 714 2163 euompla:
738 2083 841 2148 Plaut.
859 2081 950 2146 Oura.
967 2078 993 2158 Ι,
1010 2083 1039 2156 2,
1055 2080 1111 2139 43:
1137 2083 1207 2134 ecce
1224 2077 1323 2130 autem

166 2187 239 2246 ulcu
268 2203 370 2246 arcus:
404 2182 507 2242 hercle
536 2183 637 2261 modo,
673 2177 760 2243 hodie
783 2183 869 2260 ploret
894 2185 925 2242 et
953 2175 1045 2255 Oupt.
1076 2171 1102 2252 Ι,
1130 2175 1159 2249 2,
1188 2171 1245 2232 63:
1283 2168 1328 2228 Ut

165 2299 253 2357 saepe
278 2276 534 2355 summaingenia
557 2284 587 2342 iu
611 2285 727 2342 occulto
751 2281 849 2340 latent.
894 2275 1017 2352 Quibus
1045 2269 1127 2334 addo
1148 2267 1241 2346 Capt:
1265 2262 1325 2342 ΙΙΙ,

165 2381 194 2457 4,
218 2383 275 2442 82:
311 2384 488 2439 ornamenta
517 2384 640 2456 opacum,
674 2377 728 2441 nbi
757 2374 878 2440 inutilis
906 2376 956 2436 est
983 2369 1167 2434 coniectura
1196 2365 1325 2428 Dousae

168 2476 275 2538 odunt
321 2475 371 2539 De
394 2475 456 2537 iud.
479 2491 584 2553 praes.
608 2475 640 2537 in
663 2473 914 2553 interrogatione
944 2467 1094 2549 negativa
1116 2462 1239 2544 posito,
1269 2459 1326 2545 nbi

166 2589 236 2637 curn
273 2571 492 2652 indignatione
531 2571 580 2634 vel
618 2571 795 2636 acerbitate
834 2569 969 2649 quadarn
1008 2567 1259 2642 interrogamus,
1282 2577 1323 2621 =v.

166 2669 385 2734 Wuellnerum
401 2667 440 2733 de
457 2686 520 2734 cas.
538 2686 567 2748 p.
586 2674 654 2749 130,-
671 2671 724 2748 qui
741 2661 835 2734 affert
852 2668 930 2733 Ter„
941 2665 1036 2730 Andr.
1053 2660 1107 2739 lu,
1131 2666 1161 2738 4,
1184 2665 1220 2722 4:
1255 2658 1326 2718 Noc

165 2770 235 2828 mibi
264 2761 441 2842 responderi
491 2766 654 2832 Partioulc
683 2771 783 2846 quum,
814 2766 841 2830 si
870 2764 948 2830 nihi-l
975 2766 1026 2827 est
1046 2758 1115 2824 uisi
1138 2754 1324 2821 adverbium

166 2864 401 2942 similitudinis,
428 2863 580 2928 adsciscit
597 2865 811 2930 'indicativum
844 2863 959 2940 (Rudd.
982 2879 1013 2940 p.
1037 2862 1121 2936 313),
1152 2855 1197 2920 sic
1220 2851 1325 2916 Plaut.

11 3029 12 3036 ,
128 3025 129 3028 ,
160 2949 266 3042 Stich.
289 2962 345 3042 IV,
372 2968 399 3040 1,
425 2967 464 3026 33
487 2977 549 3041 sq:
584 2966 664 3025 Fuit
684 2968 768 3038 olim,
799 2965 887 3036 poca
910 2957 1014 3037 [nuno]
1036 2975 1093 3032 ogo
1121 2973 1198 3028 sum,
1222 2970 1322 3014 senex.

167 3065 195 3123 ei
223 3063 304 3122 filiae
329 3063 413 3122 Duae
445 3070 541 3134 crant,
570 3065 660 3135 quood
689 3079 768 3123 nunc
798 3077 882 3120 meae
910 3063 988 3120 suno.
1032 3051 1195 3118 Nonnulla
1220 3047 1326 3112 Latini

165 3177 230 3222 uon
265 3153 471 3239 hypothetice
501 3157 685 3237 proderunt,
720 3157 777 3222 sed
808 3153 995 3236 simpliciter
1023 3169 1082 3232 per·
1112 3145 1326 3212 indicativum.

166 3255 218 3320 sic
242 3255 309 3321 Mil.
333 3253 393 3333 111,
418 3261 447 3334 3,
471 3259 528 3319 37:
552 3260 652 3320 Bonus
675 3267 760 3319 vatos
777 3261 898 3333 poteras
921 3271 998 3324 esse,
1020 3248 1062 3312 ad
1085 3263 1115 3326 q.
1131 3244 1150 3308 Ι.
1167 3242 1325 3307 Lindum:

169 3351 409 3433 „imperfectum
441 3353 662 3434 conditionale,
693 3347 754 3426 οἷός
787 3349 811 3413 τ’
851 3345 889 3412 ἂν
918 3337 1005 3432 ἦσθα
1033 3342 1154 3422 ἀγαθὸς
1183 3339 1328 3416 γενέσθαι

166 3444 277 3528 μάντις.
301 3451 468 3520 Potniases
491 3456 580 3516 uates
603 3469 674 3516 esse
697 3452 809 3529 bonus,
834 3455 899 3516 taam
915 3449 998 3512 bene
1012 3444 1122 3508 futura
1135 3433 1326 3522 praedicis.·‘

167 3548 254 3612 'irin
279 3547 320 3624 ΙΙ,
344 3554 373 3624 2,
399 3553 457 3615 99ε
492 3553 598 3610 Multa
619 3569 674 3626 ego
697 3560 823 3626 possam
851 3550 931 3608 dicta
959 3547 1045 3606 docte
1068 3551 1101 3604 et
1127 3540 1261 3618 quamvis
1284 3536 1328 3596 lm

165 3649 264 3708 ΜΘ
288 3650 380 3724 luidb,
403 3645 444 3710 od
459 3663 489 3727 q.
514 3647 533 3710 l.
549 3647 710 3712 lindam:
734 3647 812 3724 „sed
834 3643 907 3710 nolo
924 3661 1015 3708 nuuc,
1034 3657 1151 3716 possem
1166 3637 1197 3699 in
1218 3633 1329 3698 huius·

165 3743 253 3808 modi
283 3743 430 3809 formulis
460 3761 523 3808 non
553 3743 664 3811 dicunt
681 3741 824 3808 .Latini.“
868 3740 965 3804 Poeu.
989 3738 1048 3808 lll,
1072 3739 1183 3815 1,23τ
1215 3733 1280 3793 Sed
1302 3731 1329 3790 si

167 3845 353 3918 properabas
384 3846 487 3919 magis,
505 3843 619 3904 Pridie
648 3861 706 3903 nox
729 3851 758 3902 ta
781 3842 944 3902 amomum
967 3840 1024 3898 buo
1048 3836 1167 3899 duxisse
1191 3827 1327 3905 oportuit.

168 3937 497 4017 pensauriani,
523 3943 552 4014 2,
576 3944 631 4004 20:
667 3941 728 4014 (lb,
757 3955 857 4012 regem
886 3955 932 3996 sue
956 3953 1023 3996 csse
1046 3931 1184 4008 opmaclt.
1229 3924 1329 3990 Andr.

167 4035 205 4117 V,
229 4042 258 4115 6,
284 4042 338 4102 13:
372 4047 461 4115 atque
491 4039 568 4099 adeo
596 4040 743 4112 humanat
771 4038 854 4095 illum
885 4052 931 4094 me
955 4039 1117 4108 expectare
1140 4029 1209 4088 dum
1230 4028 1330 4095 orent,

166 4137 222 4201 ubi
246 4136 316 4200 vide
340 4135 468 4200 Rubulr.
511 4133 629 4202 Heaut.
652 4133 707 4203 IV,
729 4136 758 4211 6,
784 4136 837 4195 10:
853 4134 957 4206 ‘Quam
977 4143 1072 4204 poete
1092 4135 1145 4196 tua
1165 4139 1213 4184 Μ
1229 4119 1332 4194 stiffi·
