3036 4766
504 151 650 194 DOOTRINA
664 150 896 196 summouentium.
1215 159 1276 221 375

125 343 182 408 ubi
204 346 263 405 uisa·
285 343 417 421 dicitur,
448 341 496 407 vis
519 342 721 424 cogitationis
745 344 946 410 conducatur
968 342 1001 407 in
1023 339 1181 408 affirmata
1202 359 1273 406 sen·

125 439 242 512 tentia,
265 441 319 507 ubi
341 445 448 506 autem
470 443 498 502 si
518 459 593 512 uua,
616 441 647 506 in
670 447 802 522 negata,
826 459 865 506 ex
887 453 950 522 qua
972 439 1074 506 altera
1096 437 1273 506 deducitur.

124 535 210 604 illud
234 545 283 605 est
304 543 399 616 capitu
420 559 482 601 rem
504 557 563 600 uon
585 559 661 602 esse:
689 539 749 605 hcc
777 544 828 606 est
849 543 913 602 uolt
942 543 1069 616 ceptrum
1097 555 1159 600 rem
1182 537 1272 601 esse.“

124 637 163 701 Iu
187 637 409 703 distributione
432 637 507 701 ltem
532 654 649 717 sequar
671 637 841 703 Handium.

211 753 239 800 a.
283 733 345 800 Per
366 737 425 798 uisi
447 733 644 816 significatur
667 738 827 818 exceptio,
857 755 939 818 quae
966 737 1007 800 ad
1037 735 1174 816 aliquam
1203 751 1275 800 sen·

123 835 257 898 tentiam
279 833 409 898 accedit.
453 832 604 898 Ponimus
626 833 765 915 aliquam
787 853 855 900 rem
879 853 950 900 esse
973 834 1024 899 vel
1045 832 1116 898 fieri
1138 850 1199 897 uon
1215 849 1274 911 per

123 933 381 1011 consequentiam
407 951 445 996 ex
467 931 549 996 alius
570 932 617 996 rei
640 932 834 1015 conditione,
858 933 914 996 sed
936 933 998 1009 ita,
1022 938 1058 996 ut
1080 931 1274 1013 reprimatur

121 1029 171 1108 id,
195 1030 296 1109 quod,
326 1031 353 1094 si
375 1035 439 1110 est,
462 1029 564 1109 ipsam
586 1047 652 1093 rem
677 1029 729 1096 vel
749 1029 796 1110 id,
824 1029 909 1110 quod
932 1029 1050 1096 dictum
1074 1033 1160 1109 erat,
1190 1025 1276 1091 tollit

121 1127 174 1192 vel
201 1127 334 1208 impedit
360 1125 411 1191 vel
439 1131 572 1192 coercet.
617 1125 712 1192 Ennii
739 1127 842 1192 annal.
873 1128 932 1194 inc.
962 1124 1059 1193 sedis
1074 1126 1187 1208 fragm.
1218 1131 1275 1192 35:

122 1231 182 1304 Qui
205 1231 297 1289 vincit
318 1246 376 1288 nou
400 1235 446 1308 est
468 1229 563 1287 victor
589 1228 649 1287 uisi
670 1231 765 1290 victus
792 1229 912 1290 fatetur.
956 1224 1059 1292 Plaut.
1084 1226 1170 1290 Asin.
1193 1225 1218 1304 Ι,
1246 1229 1272 1304 l,

122 1329 181 1390 82:
202 1329 284 1386 Tene
308 1343 362 1400 ego
386 1323 573 1399 defraudem,
597 1327 665 1400 quoi
689 1329 746 1401 ipsi
770 1327 843 1388 nihil
867 1333 915 1388 eat
935 1327 965 1386 in
988 1343 1085 1400 mauu,
1109 1327 1179 1386 Nisi
1201 1323 1272 1402 quid

122 1432 155 1485 tu
177 1443 268 1500 porro
290 1441 410 1485 uxorem
434 1421 681 1485 defraudaveris?
709 1421 806 1486 Poen.
830 1421 885 1501 IV,
909 1427 938 1496 2,
962 1426 1017 1486 92:
1042 1427 1082 1484 At
1104 1428 1182 1484 anim
1198 1414 1283 1484 nihll'

121 1531 177 1596 est,
201 1523 271 1597 uisi,
295 1523 362 1583 dum
386 1523 474 1599 calet,
497 1522 553 1582 hoc
576 1518 682 1597 agilum
727 1519 821 1585 Truc.
844 1519 892 1600 II,
918 1526 950 1600 l,
974 1524 1031 1585 21:
1065 1523 1167 1598 Nugae
1192 1531 1275 1598 sunt,

118 1622 189 1695 uisi,
213 1620 299 1682 modo
327 1638 413 1696 quom
436 1621 562 1693 dederit,
586 1619 656 1680 dare
686 1622 743 1681 iam
772 1622 873 1681 lubeat
901 1621 1005 1682 denuo.
1050 1617 1088 1696 V,
1112 1625 1169 1683 31:
1197 1621 1272 1680 Nam

120 1736 288 1795 quanquam
301 1715 415 1792 balla's,
428 1722 507 1778 male
520 1717 609 1792 tuo's,
622 1719 682 1777 uisi
695 1725 792 1778 tecum
804 1721 893 1794 aliqui
905 1720 1019 1794 gaudeo
1034 1716 1095 1789 (sic
1106 1715 1271 1797 Goeller).

206 1814 236 1880 b.
279 1814 451 1880 Contracta
473 1814 539 1878 sive
561 1813 707 1878 breviata
728 1815 872 1879 oratione
904 1813 1081 1880 coniunctio
1110 1814 1141 1878 in
1171 1817 1272 1880 vicem

121 1913 265 1979 adverbii
287 1911 373 1978 cedit
396 1919 429 1977 et
444 1929 523 1990 eam,
547 1929 642 1991 quam
664 1912 758 1976 modu
780 1912 928 1993 diximum
952 1911 1166 1993 exceptionem
1190 1914 1272 1978 indi·

122 2017 175 2077 cat
196 2011 392 2092 simpliciter,
415 2017 451 2076 ut
474 2011 516 2076 sit
531 2015 655 2085 eccepto.
688 2008 779 2076 Unde
802 2010 909 2076 variae
932 2011 1089 2076 exsistunt
1113 2009 1271 2092 ellipticae

119 2110 250 2176 formae.
295 2109 332 2174 lu
358 2110 398 2174 iis
420 2109 591 2190 praecipue
619 2107 776 2172 notandae
802 2113 876 2172 sunt
904 2107 1080 2173 sententiae
1107 2111 1270 2180 relativae.

122 2209 305 2290 Negatione
328 2207 503 2288 praemissa
526 2204 722 2271 collocantur
748 2205 903 2271 vocabula
928 2225 988 2266 uon
1008 2209 1083 2285 uisi,
1111 2211 1188 2272 nibil
1211 2217 1273 2276 atsi

119 2306 254 2388 aliaque.
285 2305 353 2384 (Sic
380 2303 523 2368 Handius
549 2321 579 2383 p.
607 2301 693 2383 222).
738 2303 856 2368 Fabius
882 2303 989 2368 Pictor
1014 2319 1063 2382 ap.
1093 2305 1211 2388 ligger.
1239 2331 1269 2392 p.

124 2411 198 2470 107:
223 2408 370 2482 Capillum
394 2406 499 2477 Dialis,
522 2405 583 2462 uisi
605 2404 656 2478 qui
670 2403 747 2464 liber
763 2405 849 2463 homo
865 2411 920 2477 est,
944 2420 1003 2463 non
1020 2404 1165 2470 detonsat.
1190 2406 1270 2476 Cato

120 2503 158 2568 R.
181 2503 218 2567 R.
243 2521 267 2568 c·
292 2505 326 2568 5·:
349 2503 422 2564 Ram
446 2504 574 2562 divinam
596 2500 657 2560 uisi
679 2501 886 2576 compitalibus
901 2503 931 2559 in
949 2501 1076 2576 compito
1092 2510 1143 2564 aut
1158 2509 1190 2565 in‘
1204 2507 1269 2572 foro

118 2615 155 2660 rae
177 2598 277 2660 faciat.
309 2595 343 2661 G.
367 2601 417 2664 48:
440 2601 539 2660 Nuces
562 2601 666 2675 pineas
690 2599 727 2658 ad
749 2599 874 2658 eundem
898 2587 1107 2677 modumue'si
1129 2609 1268 2680 tanquam

120 2700 216 2758 alium
234 2698 335 2773 serito,
360 2693 440 2774 quae
463 2694 610 2760 itabens
633 2692 770 2774 explicat
791 2693 948 2760 Handius:
979 2697 1102 2774 „serite
1124 2698 1156 2761 in
1186 2717 1269 2766 eum·

119 2793 190 2858 dem
213 2793 351 2871 modum,
374 2811 436 2858 uno
460 2793 519 2857 hoc
542 2797 683 2874 excepto,
707 2799 744 2859 ut
764 2791 820 2858 fiat
841 2794 924 2858 sicut
951 2793 983 2857 iu
1006 2791 1109 2859 alli0.“
1155 2795 1188 2862 C·
1214 2793 1269 2866 7‘7:

121 2896 267 2968 Quantum
296 2897 378 2954 solea
406 2909 461 2968 pro
488 2897 621 2966 ratione,
650 2895 693 2953 ita
722 2897 766 2952 uti
793 2897 934 2968 placenta
959 2895 1009 2969 fit,
1041 2897 1143 2957 eadem
1172 2903 1270 2962 omnia

119 2991 221 3061 facito,
244 2991 303 3054 uisi
326 2992 384 3050 alio
406 2991 493 3050 mode
515 2992 619 3065 fingite
640 2994 670 3050 in
692 2994 758 3052 solo
781 2999 886 3054 tracta.
915 2989 950 3055 C.
975 2995 1030 3056 89:
1053 2994 1167 3054 Eodem
1182 3000 1270 3058 modo

119 3105 255 3151 anserem
277 3091 362 3167 alito,
381 3090 441 3150 uisi
455 3091 538 3164 priua
562 3091 631 3150 dato
653 3091 755 3152 bibere
779 3099 810 3149 et
832 3091 877 3151 bis
899 3093 930 3150 in
953 3092 1009 3152 die.
1055 3088 1087 3154 Ο.
1112 3097 1188 3156 157;
1213 3097 1269 3169 Qui

120 3190 164 3248 sic
185 3193 329 3263 purgatus
356 3189 424 3263 erit,
448 3189 563 3248 diutina
590 3190 759 3248 valetudiue
782 3193 899 3262 utetur,
930 3205 1025 3264 neque
1049 3193 1126 3251 ullus
1149 3193 1269 3254 morbus

119 3287 229 3360 veniet,
250 3287 315 3346 uisi
334 3304 387 3347 sua
410 3288 506 3360 eulpa.
551 3282 653 3348 Plaut.
678 3281 754 3350 (list.
778 3283 811 3364 Ι,
836 3289 868 3363 1,
891 3288 948 3350 89:
978 3286 1039 3347 uisi
1061 3289 1180 3364 quidem
1203 3301 1268 3350 eum

118 3385 362 3458 Alcesimarcho,
392 3386 517 3445 nemine.
568 3379 682 3448 Bacch.
711 3380 758 3463 ΙΙ,
783 3387 818 3463 2,
849 3386 882 3446 2:
910 3385 1030 3446 Homini
1064 3389 1159 3448 amico
1190 3391 1270 3464 quist

118 3486 230 3545 amicus
252 3486 296 3544 ita
317 3485 361 3542 uti
384 3497 489 3542 nomon
512 3483 646 3557 possidet
667 3481 737 3543 Nat
766 3484 837 3544 deos
860 3484 888 3542 ei
910 3485 953 3543 nil
975 3489 1142 3558 praestare.
1187 3483 1268 3549 Rud.

118 3578 168 3660 11,
188 3585 225 3660 4,
249 3583 306 3643 lb:
342 3579 426 3656 [Nisi
452 3582 553 3640 multis
573 3579 765 3642 blanditiisa
793 3598 839 3641 me
862 3587 947 3657 gutta
969 3599 1027 3643 uon
1050 3577 1268 3659 semipedem]
1327 3574 1329 3578 ’

118 3677 174 3759 IV,
197 3683 226 3754 4,
250 3681 305 3742 48:
328 3680 384 3739 Hic
408 3675 489 3753 [ego]
511 3678 570 3738 uisi
592 3679 628 3739 de
651 3679 790 3752 opinione
806 3685 919 3740 certum
936 3681 977 3739 nil
1000 3679 1066 3740 dico
1081 3683 1147 3742 tibi.
1176 3677 1268 3745 Trnc.

119 3776 165 3857 ΙΙ,
193 3784 218 3856 l,
243 3780 299 3840 2οτ
322 3777 432 3852 Neque·
450 3778 507 3835 erit
530 3777 683 3852 quisquam
706 3793 831 3851 unquam
855 3775 966 3852 probus
990 3786 1114 3856 amator,
1137 3779 1198 3839 ubi
1219 3780 1270 3854 qui

119 3893 151 3936 re
173 3877 326 3936 inimicust
347 3891 427 3936 suae.
471 3870 527 3950 IV,
551 3877 579 3950 3,
603 3877 661 3936 27:
692 3875 769 3934 Care
792 3881 842 3948 tn,
865 3875 925 3934 uisi
947 3877 1023 3950 quud
1046 3883 1076 3936 te
1099 3895 1188 3952 rogo,
1214 3877 1268 3934 mi!

118 3971 246 4060 Terent.
268 3971 367 4036 Andr.
390 3967 452 4048 ΠΙ,
477 3973 510 4048 2,
535 3973 589 4035 39:
616 3973 688 4046 Quis
710 3973 802 4047 igitur
824 3981 890 4032 euin
913 3975 951 4033 ab
973 3973 1027 4034 illa
1049 3973 1195 4035 abstraxit
1209 3974 1270 4032 uisi

120 4071 197 4146 ago?
240 4067 296 4145 IV,
319 4073 353 4147 2,
380 4073 435 4132 14:
460 4071 537 4131 hanc
564 4071 625 4131 uisi
645 4087 724 4132 mors
754 4072 794 4130 mi
817 4071 928 4132 adimet
948 4086 1043 4133 nemo.
1090 4067 1166 4132 Hec.
1189 4065 1215 4145 Ι,
1239 4071 1270 4136 2,

120 4171 175 4231 67:
199 4183 266 4227 nam
289 4185 375 4228 nemo
398 4166 435 4226 ad
458 4175 488 4226 te
511 4171 592 4229 veuit
614 4167 683 4229 Nisi
706 4170 829 4244 cupiens
851 4171 904 4232 tui.
