3076 4762
381 179 421 218 nn
435 177 666 220 pomponiana-
682 173 867 216 conemnnio
881 172 1051 218 TEUPORUH.
1258 184 1299 245 97

144 364 322 447 (Praesens
344 369 451 432 comm
468 365 498 431 lu.
516 365 535 430 l.
560 351 697 446 positum
721 370 779 444 ost,
803 363 950 445 qnoniam
973 361 1056 428 actio
1078 363 1243 430 etiamtum
1260 363 1300 429 ad

143 463 291 529 loturum
318 469 446 548 tempus
469 469 607 544 epactam
637 462 743 528 minus
772 460 941 542 probabile
961 466 1014 524 eat
1031 479 1105 528 ease
1128 479 1185 543 pro
1208 479 1301 543 prae-

149 563 231 628 senti
253 561 428 639 historico).
484 562 601 628 Itidem
616 559 732 626 Pseud.
747 559 803 639 Ν,
827 565 857 630 7.
879 563 936 624 49:
971 561 1033 622 Iam
1056 561 1174 636 dodum
1197 563 1224 622 so·
1244 563 1301 630 dos.

148 665 268 738 porrexi
291 681 417 736 manum.
442 693 479 714 .—
496 660 600 725 Verae
622 663 730 724 antem
753 657 991 726 enunciatiouss
1006 655 1232 723 conditionales
1247 674 1303 739 ap·

147 763 262 838 parent
282 758 315 821 in
337 757 387 822 his
410 758 572 838 exemplis.
618 757 690 822 Aul.
712 755 773 836 Ill,
797 761 829 832 5,
848 759 903 820 49:
934 753 1110 830 compano
1132 773 1186 833 epo
1209 759 1302 830 illum,

146 857 180 914 oi
208 861 337 918 motuum
363 873 401 917 nc
427 858 545 919 daiam
565 859 735 918 Memorare
765 872 865 916 morer
886 856 1054 916 mulierum.
1106 851 1177 918 Ter.
1201 852 1301 918 Andr.

149 951 187 1031 V,
210 957 242 1032 4,
267 958 322 1017 15:
347 955 380 1014 oi
401 960 682 1030 malampnum,
710 955 805 1014 hoico
825 970 881 1029 pro
903 953 957 1012 illa
978 967 1012 1012 re
1034 951 1118 1012 ilium
1141 953 1219 1028 quod
1238 965 1304 1013 mc-

149 1068 233 1112 neam
264 1053 366 1127 probe.
412 1051 515 1115 Plaut
536 1050 634 1116 Poon.
659 1048 714 1130 IV,
738 1055 768 1128 2,
792 1053 849 1114 oli:
879 1052 1016 1112 Animum
1043 1052 1182 1113 iudaeam
1203 1051 1303 1127 facile,

149 1156 181 1210 ut
204 1149 510 1224 emoniensem,
540 1151 573 1210 ai
595 1157 625 1210 te
648 1148 789 1212 naamon.
833 1147 872 1227 V,
894 1154 924 1226 4,
947 1151 985 1212 81
1012 1163 1073 1227 sp:
1107 1151 1251 1228 Primum,
1279 1151 1306 1211 εί

149 1248 178 1307 id
206 1247 274 1308 fieri
297 1251 410 1320 possed,
443 1247 490 1306 No
519 1249 642 1322 indigna
669 1248 800 1324 indignis
815 1247 859 1308 di
887 1241 1008 1324 moeni,
1041 1248 1074 1308 id
1102 1263 1156 1322 ego
1183 1251 1304 1310 evenire

149 1345 260 1407 collem
304 1341 433 1408 Terent.
457 1341 535 1408 Hac.
558 1341 613 1420 IV,
640 1347 666 1422 1,
692 1348 731 1410 32
756 1361 815 1423 eu:
839 1345 943 1406 Adeon
966 1361 1013 1405 me
1036 1361 1098 1407 occo
1117 1347 1304 1420 pervicacem

146 1457 265 1520 ursos,
300 1444 369 1518 poci
399 1443 627 1520 materlao'om„
647 1444 686 1506 Ut
715 1459 750 1503 eo
776 1459 867 1503 ossea
896 1443 1008 1518 ammo,
1042 1444 1070 1504 ei
1099 1453 1134 1503 en
1157 1461 1212 1510 neu
1233 1449 1308 1504 oscor

82 1573 84 1577 ·
150 1541 338 1618 maroneo
364 1539 606 1602 matrimonium?
649 1537 747 1602 Andr.
772 1539 797 1609 1,
820 1541 849 1619 2,
871 1545 906 1602 4:
940 1540 1184 1619 diducendae
1213 1541 1306 1602 ciem

149 1638 264 1698 odiret:
288 1643 320 1696 et
342 1639 386 1698 eri
410 1654 528 1713 semper
551 1639 659 1700 lenitas
678 1636 807 1700 Verebar
827 1649 967 1715 quorsom
990 1638 1132 1700 caederet.
1177 1635 1307 1702 (latonia

148 1730 263 1814 soom.
287 1749 332 1797 or.
354 1733 415 1798 inc.
439 1750 489 1814 ap.
513 1733 642 1810 Quintil.
666 1734 723 1813 IX,
747 1737 775 1812 2,
800 1738 859 1798 21:
888 1737 979 1811 Cedo,
1002 1736 1030 1796 oi
1051 1754 1103 1798 vos
1126 1739 1157 1796 in
1180 1751 1217 1798 eo
1239 1739 1306 1798 ioco

151 1832 259 1900 casem,
283 1835 353 1908 quid
377 1834 458 1894 aliud
480 1833 642 1907 nonore?
681 1831 834 1898 Anomala
856 1837 941 1912 sunt,
964 1831 991 1896 si
1013 1831 1098 1896 inter
1120 1849 1155 1898 se
1178 1846 1307 1898 concor-

149 1928 228 1994 daut
260 1945 415 2008 praesens
447 1933 480 1994 et
512 1929 735 2012 imperfectum
768 1929 820 1994 vel
850 1927 1210 2010 plusquamperfectum.
1256 1929 1308 1996 Sic

150 2024 256 2092 Plaut.
279 2023 393 2108 fragm.
418 2025 495 2095 cist.
518 2030 599 2110 Ang.
622 2029 697 2094 Mai.
721 2045 752 2110 p.
777 2034 815 2094 19
840 2029 890 2108 (p
905 2031 968 2092 486
991 2023 1159 2116 Tenebat:
1182 2031 1308 2092 iiullor-

152 2127 219 2186 onla
241 2142 309 2184 mea
332 2129 470 2187 ornacula
492 2129 520 2188 si
539 2130 581 2190 ait
600 2136 634 2190 ut
656 2127 773 2205 quidem
790 2129 892 2190 hercle
908 2131 994 2204 scita,
1020 2130 1202 2206 Quamquam
1223 2135 1307 2193 vetus

153 2223 326 2282 cantherius
350 2243 423 2298 snm,
446 2227 518 2284 mihi
542 2243 632 2301 nuno,
657 2236 687 2288 nt
712 2241 766 2302 ego
789 2231 904 2302 opinor,
926 2225 1117 2287 Acnoaotret.
1162 2224 1228 2290 Mil.
1252 2225 1307 2303 IV,

153 2319 182 2397 8,
206 2323 262 2383 47;
285 2323 375 2382 Etsi
397 2325 440 2382 ita
463 2326 612 2383 sententia
634 2327 715 2399 esaei,
738 2326 793 2384 tibi
815 2325 928 2385 scinne
949 2323 1088 2384 mavelim
1103 2325 1200 2384 Multo
1221 2342 1306 2399 quam

153 2417 204 2476 alii
228 2418 355 2478 libertus
377 2436 454 2494 esse,
477 2418 519 2482 ed
542 2438 571 2499 q.
587 2419 608 2482 l.
632 2418 788 2484 Lindemz
813 2416 968 2498 „noenius
991 2416 1212 2484 soloecismum
1232 2419 1309 2482 cdo·

152 2516 243 2576 ratus
265 2516 408 2575 ammodo
432 2517 487 2576 siet
508 2515 605 2580 scribi
626 2516 734 2596 iussit,
757 2521 891 2597 propter
912 2531 942 2580 v.
967 2518 1118 2585 moelem,
1149 2532 1231 2594 quae
1260 2533 1309 2579 se-

154 2609 273 2687 quitur.
319 2609 381 2676 Sed
404 2615 491 2676 errat
512 2611 573 2676 illo.
619 2612 702 2678 Nam
730 2613 758 2678 ai
779 2613 826 2678 ita
847 2612 980 2678 dixisset
1000 2618 1113 2693 poeta:
1144 2612 1228 2677 melo
1250 2611 1309 2677 tibi

154 2707 276 2771 servire
307 2725 401 2788 quam
429 2709 564 2774 aliorum
594 2709 728 2775 libertus
758 2727 844 2790 esee,
874 2710 968 2774 modo
998 2713 1058 2774 tua
1083 2709 1243 2776 sententia
1264 2709 1310 2775 ita

155 2801 256 2869 ferret
279 2809 316 2869 ut
338 2809 444 2869 tecum
468 2825 639 2886 manerem,
663 2808 749 2874 hand
771 2807 868 2872 dubio
882 2819 945 2872 non
962 2801 1147 2872 onenolssst
1162 2805 1309 2872 Bothius.

155 2899 259 2982 Saepe
282 2902 390 2966 Latini
412 2903 586 2983 scriptores
608 2909 708 2976 colim,
730 2903 835 2985 nolim,
858 2906 963 2965 molem
984 2904 1203 2970 coniunctione
1224 2903 1312 2967 nulla

157 2999 347 3064 conditionis
371 2998 602 3080 significatione
623 3007 760 3082 ponunt,
791 3002 846 3067 sed
874 3019 946 3066 cnm
968 3000 1144 3066 modestiae
1167 2999 1312 3075 alicuius,

158 3113 222 3177 qua
250 3096 326 3176 quid
350 3103 476 3178 optent,
503 3099 680 3180 notatione,
710 3117 768 3178 pro
798 3097 978 3162 indicatiois
999 3099 1073 3175 colo,
1100 3098 1177 3175 nolo,
1200 3093 1311 3158 molo.“

156 3191 266 3258 Habes
288 3193 387 3274 igitur
410 3193 440 3260 h.
463 3194 483 3258 l.
508 3196 701 3261 coniunctior
724 3195 904 3276 praesentis
920 3190 1183 3274 significationem
1200 3197 1312 3273 poten-

156 3291 275 3369 nolam,
300 3307 381 3370 quaa
404 3291 515 3356 itidem
530 3297 618 3357 extat
633 3291 731 3360 Stich.
747 3292 803 3373 IV,
823 3299 849 3368 1,
866 3294 900 3355 δι
926 3295 1029 3354 Vocem
1043 3310 1098 3369 opo
1113 3301 1143 3353 te
1159 3293 1196 3352 ad
1213 3309 1258 3352 mo
1275 3293 1312 3352 ad

158 3406 277 3468 cenam,
308 3388 405 3454 irater
433 3397 501 3452 tnnc
530 3392 708 3454 didicisset
731 3393 804 3452 mihi
826 3392 868 3450 Tc
890 3397 963 3465 aput
985 3396 1017 3450 te
1039 3396 1212 3452 cenaturum
1236 3407 1312 3462 osse,

157 3484 243 3564 quod
264 3502 326 3548 non
350 3490 400 3552 est
421 3482 460 3564 id)
484 3483 615 3559 mitte.
639 3489 696 3554 sed
718 3483 757 3567 io
781 3484 914 3563 mittio
938 3480 1084 3549 eiolcbeo.

243 3583 293 3648 De
322 3583 548 3662 consecutione
570 3589 749 3666 temporum
776 3581 1032 3649 enunciationem
1055 3580 1315 3646 conditionalium

158 3678 191 3744 in
218 3680 363 3748 oratione
392 3679 522 3761 obliqua
549 3686 682 3762 praeter
711 3681 917 3762 Kruegerum
940 3677 1194 3759 unterloounpeo
1217 3677 1260 3757 11,
1282 3696 1313 3758 p.

159 3781 307 3844 84—ch
332 3777 415 3842 bene
438 3776 617 3857 disputavit
639 3778 819 3844 Ellendtins
845 3777 879 3841 in
902 3775 1166 3842 commentatione
1189 3775 1229 3840 de
1251 3774 1316 3841 fon·

160 3875 220 3940 mis
255 3874 497 3940 anomianorum
531 3875 790 3942 conditionalium
820 3874 948 3955 linguae
979 3873 1098 3939 letinae
1124 3890 1154 3953 p
1179 3875 1314 3938 53—67.

160 3969 316 4051 Exempla
338 3978 414 4039 sunt
436 3970 508 4041 (las.
531 3972 610 4051 prol.
632 3990 661 4035 v.
684 3978 744 4042 53:
764 3976 873 4046 eperat
896 3974 922 4033 si
944 3974 973 4032 ei
994 3972 1034 4033 so't
1053 3972 1136 4050 dcto,
1160 3973 1238 4033 Fore
1258 3972 1315 4030 sibi

161 4077 283 4144 paratas
314 4073 392 4132 olene
421 4087 543 4132 onorem
571 4072 711 4132 excubias
741 4069 823 4131 ioris.
868 4067 967 4132 Mero.
996 4087 1025 4131 V.
1053 4071 1133 4134 423:
1167 4069 1256 4127 Deoia
1282 4084 1314 4129 ce

162 4167 324 4240 aeddibere,
347 4168 374 4226 si
396 4184 454 4226 non
471 4169 602 4240 phaace
646 4165 761 4245 Amph.
784 4163 862 4244 prol.
885 4182 913 4227 n.
938 4167 1080 4228 deado:

215 4266 297 4313 donn,
311 4265 422 4316 syntaxis.
450 4266 479 4304 ll.
1089 4270 1107 4328 7
