3048 4770
260 140 321 202 292
526 132 609 186 MP·
624 133 669 174 xv·
696 133 844 181 nocensne
873 132 1125 177 nsuscrarrorurr.

259 319 402 386 Plocium
425 320 462 387 fr.
489 328 542 390 la:
566 325 643 400 Quid
665 325 721 386 hcc
745 323 876 398 futurum
899 326 1066 403 ohsnnicst,
1091 326 1144 394 chi
1165 331 1280 396 tautum
1305 324 1416 397 sumpti

259 418 393 482 iactum?
416 419 541 487 Terent.
566 420 646 486 Eun.
669 421 711 502 11,
737 427 765 500 3,
790 426 845 488 ul:
869 425 1022 500 dignares
1045 431 1107 498 ast,
1128 423 1416 494 441444444οεί4-

259 519 365 580 tendas
388 527 455 580 tuos
479 521 533 594 (z
555 517 587 582 in
615 522 700 598 qua).
745 519 863 594 Heaut.
895 517 949 596 IV,
979 522 1014 594 6,
1046 525 1080 592 8³
1111 522 1205 594 Huius
1233 519 1313 591 modi
1344 519 1418 604 mihi

258 635 308 678 res
344 634 462 692 semper
495 619 738 692 comminiscere,
773 620 832 680 Udi
872 618 927 694 (=
961 616 1096 696 quihus)
1123 637 1170 680 mc
1200 616 1418 681 excarnufices.

259 715 284 790 r)
308 712 371 778 Ubi
393 712 576 792 duplicatur
597 717 649 782 ubi
670 719 727 783 aut
749 714 922 796 apponitur
937 734 1095 796 quomque,
1111 711 1303 794 significatio
1321 726 1420 792 gene·

260 809 358 894 ratior
373 807 409 874 fit
425 815 459 876 et
473 811 513 878 ad
530 828 638 887 omnes
654 829 706 876 res
729 811 932 892 transfertur.
979 812 1081 884 Plaut.
1103 811 1218 885 Bacch.
1236 810 1284 889 ll,
1309 816 1339 888 3,
1366 813 1420 874 18:

209 949 213 960 ·
260 911 350 979 Istius
374 911 500 974 hominis
523 913 575 972 cti
597 911 632 972 fit
658 929 799 986 quomque
821 914 939 985 mentio.
987 909 1078 992 Epid.
1107 908 1175 989 ΙΙΙ,
1203 917 1237 988 4,
1266 913 1325 980 56:
1355 911 1421 984 ugo

260 1009 342 1067 illam
366 1012 513 1086 requiram
538 1012 613 1080 iam,
640 1011 693 1070 uhi
715 1011 803 1074 aust.
849 1007 995 1088 Aquffiuu
1016 1007 1173 1084 Boeotiae
1201 1005 1240 1073 fr.
1274 1013 1300 1084 1,
1332 1024 1362 1069 u.
1387 1009 1422 1070 6:

263 1107 322 1168 Ubi
342 1108 395 1174 ubl
417 1110 555 1170 monebat
579 1125 645 1168 esse
671 1113 725 1182 t=
741 1103 861 1186 cdere),
884 1109 943 1194 nisi
958 1125 1045 1183 quom
1062 1110 1104 1169 nii
1125 1115 1201 1178 crat.
1223 1137 1265 1160 -ε
1290 1105 1422 1186 uspiam

261 1201 365 1268 Plaut.
400 1202 465 1280 Mil.
502 1202 552 1282 ll,
587 1207 621 1283 5,
658 1207 708 1268 19:
733 1223 770 1282 pe
802 1203 881 1282 [nos]
909 1212 1026 1280 nosmet
1048 1207 1267 1280 perdiderimus
1290 1204 1423 1278 cspiosc

262 1299 304 1366 ad
326 1317 355 1380 q.
378 1299 398 1369 l.
422 1300 616 1366 Gronovius:
648 1299 706 1379 ,,Η.
730 1300 749 1364 l.
779 1301 964 1376 adverbium
992 1301 1054 1369 loci
1082 1319 1140 1380 pro
1170 1301 1241 1366 adv.
1271 1299 1360 1376 modi
1389 1303 1423 1374 et

259 1397 396 1462 rationis
419 1397 559 1478 positum
583 1415 654 1465 esse
678 1397 886 1478 41414444,ἓ
908 1397 1155 1478 aliuucmudn.“
1181 1402 1314 1474 Usquam
1333 1396 1421 1466 Trin.

260 1494 303 1576 ΙΙ,
327 1501 356 1576 2,
380 1500 437 1560 32:
463 1499 509 1578 Ne
532 1506 722 1574 penetrarem
754 1517 799 1567 mc
827 1515 967 1572 coquere,
999 1497 1045 1572 ad·
1066 1513 1095 1576 u,
1119 1496 1139 1561 l.
1168 1496 1247 1568 citat
1273 1495 1422 1566 Lindem-

259 1595 367 1660 adnut.
391 1594 432 1658 ad
455 1593 519 1657 Mil.
546 1594 612 1672 ΙΙΙ,
638 1600 669 1673 1,
694 1600 735 1660 90
759 1599 846 1670 (Nam
870 1597 948 1668 boue
970 1615 1061 1670 pror,
1094 1598 1119 1656 si
1149 1613 1185 1656 ea
1216 1597 1285 1656 duci
1313 1591 1423 1670 [petis]

262 1701 310 1756 est
330 1711 457 1768 cuquam
478 1697 623 1769 gentium,
654 1695 712 1756 Ubi
735 1713 800 1758 cam
822 1697 952 1769 possiem
976 1691 1164 1770 invenirei):
1190 1695 1346 1768 ..umorem
1361 1709 1423 1756 nou

262 1793 312 1856 cst
334 1791 483 1872 alicunde,
512 1793 549 1854 ut
571 1790 761 1868 quibusdam
785 1790 887 1856 visum
911 1798 975 1868 est,
1007 1789 1063 1856 sed
1086 1792 1201 1865 clipeo,
1228 1790 1370 1870 aliquam
1392 1790 1424 1855 in

262 1887 376 1969 lucum,
422 1885 559 1952 Siccis.
584 1886 664 1952 Phil.
689 1887 718 1966 Ι,
745 1888 793 1952 1.“
821 1889 870 1953 De
896 1907 1043 1962 44444444
1069 1905 1097 1953 v.
1128 1887 1306 1965 Handium,
1338 1885 1424 1967 quod

261 1985 375 2054 itidem
397 2001 621 2066 nonnunquam
644 1985 685 2050 dc
707 1989 798 2056 motu
820 1985 861 2050 ad
883 1983 989 2062 iocum
1010 1989 1200 2066 usurpatur,
1225 1990 1262 2058 m
1286 1983 1422 2064 Capti,

265 2088 294 2166 2,
318 2087 375 2151 70:
399 2086 452 2146 Sec
474 2102 601 2160 numque
624 2083 705 2148 foras
721 2087 852 2148 Vocatus
869 2083 928 2161 [ea]
949 2087 986 2145 ad
1003 2085 1128 2161 cenam?
1164 2081 1229 2151 ER.
1254 2086 1423 2160 quemm,
1499 2099 1500 2104 ’

261 2184 341 2258 quod
365 2185 469 2257 sciam,
494 2182 547 2248 ubi
570 2199 598 2245 v.
621 2180 764 2248 Lindem.
788 2216 831 2226 -
854 2185 965 2246 Utrchr'
986 2182 1086 2247 Naev.
1115 2179 1292 2254 Tarentilla
1318 2179 1359 2246 ir.
1387 2189 1421 2246 4:

267 2282 370 2340 utrubi
392 2284 528 2346 cenaturi
551 2283 637 2354 estis,
662 2283 760 2344 hicine
784 2300 821 2342 an
844 2282 998 2351 triclinio?

351 2382 400 2443 26.
424 2396 450 2444 c.
494 2379 668 2455 Adaiou,
698 2397 771 2454 quoe
794 2379 971 2454 respoudeat
998 2381 1038 2439 cd
1066 2382 1171 2441 interr.
1202 2392 1307 2462 quo·
1354 2378 1425 2443 Atto

263 2474 368 2540 Plaut.
391 2475 479 2540 Asin.
503 2474 529 2545 Ι,
554 2482 583 2555 3,
605 2481 662 2542 43:
687 2479 740 2540 ilia
762 2478 822 2538 atio
842 2479 900 2550 ihit
922 2486 1036 2554 tamen,
1060 2475 1091 2539 h.
1116 2493 1142 2540 e.
1167 2474 1208 2540 ad
1223 2474 1323 2539 alium
1340 2492 1425 2540 ama·

265 2577 377 2638 torem.
420 2574 577 2635 Aliorsum
592 2570 752 2655 significat
775 2581 806 2647 α)
828 2573 861 2642 14
884 2573 982 2640 alium
1004 2574 1107 2640 locum
1125 2573 1218 2638 urar.
1242 2572 1285 2652 u,
1308 2579 1340 2654 4,
1365 2579 1423 2644 te:

264 2674 389 2733 ancillas
411 2674 494 2736 iahrt
514 2705 557 2750 -.
580 2675 678 2734 Aliam
702 2674 845 2739 aliorsum
860 2677 913 2734 ire.
949 2673 980 2753 β)
1005 2671 1038 2735 in
1055 2671 1149 2737 aliam
1165 2675 1300 2751 partem,
1322 2671 1425 2748 aliter,

265 2785 329 2848 qua
351 2766 582 2848 significatione
606 2788 626 2834 a
648 2769 764 2834 Plauto
787 2770 860 2836 Aul.
882 2768 931 2849 ΙΙ,
949 2777 979 2850 4,
996 2774 1015 2834 8
1033 2769 1129 2838 etiarn
1151 2769 1425 2842 4444444441-

266 2869 330 2930 tur:
356 2870 453 2944 Atque
477 2886 531 2946 ego
554 2871 648 2945 istuc,
676 2872 830 2940 Anthrax,
858 2871 1039 2932 aliovorsum
1068 2871 1200 2938 dixeram
1229 2865 1293 2948 (op
1317 2877 1423 2945 :utque

268 2961 370 3028 Goell.
394 2964 502 3048 atqui).
546 2964 674 3031 Terent.
697 2965 780 3034 Eun.
797 2966 824 3046 Ι,
848 2971 877 3046 2,
903 2970 918 3029 1
943 2982 1005 3046 sp:
1030 2986 1188 3032 vereorue
1211 2969 1423 3041 uinceretur

266 3064 417 3126 Phaedria
450 3066 567 3128 'inierit
600 3083 674 3127 nere
707 3067 852 3138 aliorsum
890 3073 978 3142 atque
1008 3082 1063 3140 ego
1100 3064 1161 3138 ieci
1191 3067 1355 3140 acceperit.
1384 3095 1424 3107 -

265 3161 378 3242 Aliquo
399 3161 504 3228 Pleut.
528 3162 626 3228 Merc.
646 3161 707 3242 ΙΙΙ,
731 3167 761 3241 4,
785 3167 835 3226 71.
881 3161 954 3226 Ter·
970 3160 1086 3232 Heaut.
1103 3159 1162 3241 Ill,
1180 3165 1208 3240 3,
1228 3165 1283 3226 11:
1308 3172 1342 3224 ut
1358 3165 1423 3224 hinc

263 3263 415 3324 concedas
438 3263 538 3338 cituco
561 3263 598 3322 eb
622 3281 674 3338 pro
690 3279 793 3334 corum
812 3263 1038 3336 aliquantisper.
1055 3291 1096 3337 ·.-
1110 3261 1260 3330 Dcorscru
1275 3278 1304 3325 v.
1320 3258 1421 3328 Haud

265 3354 345 3420 Cato
367 3355 405 3420 R.
428 3356 464 3421 R.
489 3376 515 3422 c.
543 3360 613 3436 tec,
638 3363 674 3422 4:
697 3360 806 3422 Postea
829 3361 880 3423 ubi
901 3359 1040 3426 demeum
1062 3359 1304 3428 4444441414-
1329 3361 1424 3424 Fores

266 3452 364 3516 Naev.
393 3453 466 3520 bell
493 3453 573 3532 Pun.
600 3454 622 3520 l.
649 3454 675 3535 I,
700 3451 739 3520 fr.
764 3459 783 3520 6
811 3453 943 3522 Vahlen.
971 3456 1057 3530 soror
1086 3489 1129 3499 -
1158 3458 1291 3522 exibent.
1331 3453 1423 3523 Ennii

266 3548 370 3616 annal.
393 3550 411 3614 1.
435 3550 461 3632 Ι,
484 3549 522 3616 ir.
548 3552 599 3633 57,
622 3570 651 3616 v.
675 3557 726 3618 93.
749 3552 921 3619 Hectoris
950 3551 1055 3622 lustra
1083 3550 1123 3618 ir.
1148 3558 1177 3618 3.
1201 3551 1308 3624 Pluut
1332 3551 1421 3626 unt

265 3646 297 3726 1,
330 3653 363 3728 1,
397 3655 428 3713 1:
456 3653 515 3714 Exi
546 3654 687 3714 acclina
709 3655 750 3713 sis
775 3653 869 3727 foros,
893 3650 1039 3728 mastigia.
1084 3657 1123 3730 4,
1147 3656 1181 3716 3:
1208 3654 1285 3722 Nem
1308 3655 1356 3719 itti
1377 3652 1422 3714 uhi

266 3745 326 3826 fni,
349 3751 418 3810 inde
442 3750 531 3826 effugi
554 3750 647 3824 fans.
692 3747 757 3828 ΙΙΙ,
783 3755 815 3829 Ι,
840 3752 890 3817 68.
914 3767 941 3819 v.
969 3751 1039 3822 146.
1065 3753 1100 3830 u,
1125 3753 1160 3816 9:
1192 3750 1422 3820 6444414444
1495 3803 1496 3808 ,

267 3846 390 3920 aedibus
420 3864 467 3908 me
498 3848 567 3908 dedi
596 3847 690 3922 sorus.
735 3847 829 3916 Most.
859 3851 1176 3915 autumatur.
1217 3845 1274 3926 IV,
1303 3851 1338 3923 3,
1372 3849 1420 3910 12:

267 3945 395 4006 Promisi
414 3943 507 4016 foros.
551 3943 635 4008 Men.
659 3963 688 4011 v.
715 3949 791 4012 109:
814 3947 1007 4026 progreditur
1029 3944 1123 4026 forae.
1168 3944 1200 4024 1,
1228 3948 1262 4023 2,
1288 3949 1322 4010 h:
1351 3948 1420 4008 Nau

267 4043 405 4118 quouens
427 4040 512 4120 foros
535 4061 590 4118 ego
617 4047 662 4108 ire
692 4047 769 4116 rulo.
814 4042 898 4118 Meu.
929 4062 958 4110 v,
986 4047 1058 4114 218.
1087 4047 1159 4116 463.
1190 4047 1263 4114 ctu.
1309 4041 1372 4121 ΙΙΙ,
1394 4045 1420 4116 2,

267 4143 318 4202 46.
342 4137 398 4218 lV,
422 4144 451 4219 2,
476 4142 533 4212 96ε
557 4143 704 4220 Equidem
730 4151 848 4216 ecastor
871 4149 952 4216 tuam
975 4161 1031 4214 pec
1055 4144 1243 4218 chlamydem
1272 4145 1310 4214 dc
1333 4141 1419 4214 fuco.
1494 4163 1495 4187 r
