3036 4766
432 163 579 203 moeretur
596 164 829 206 ennuleunnedu.
1204 175 1264 236 329

94 351 218 423 cmiter
239 351 369 428 ponitur
391 357 419 412 et
445 349 486 431 (v.
510 351 613 417 Hand.
638 351 686 433 Η,
717 371 746 433 p.
769 353 856 433 481).
903 354 977 418 Ter.
1000 355 1060 420 Ad.
1084 353 1121 424 V.
1145 358 1179 433 8,
1208 358 1263 420 34:

101 449 191 508 Nune
214 451 285 510 mihi
308 451 476 525 germanu’s
496 455 613 526 pariter
635 455 733 514 animo
756 457 785 513 et
806 471 942 530 corpore.

191 563 218 608 e.
262 545 444 612 Praemisso
467 549 657 628 imperativo
679 548 787 630 pergit
808 550 911 615 oratio
927 569 985 633 pcr
999 558 1027 613 et
1048 551 1089 615 ad
1111 549 1153 630 id,
1177 551 1263 632 qdod

103 642 257 723 deinceps
286 651 320 708 et
346 649 437 710 certo
465 646 595 726 quidem
623 651 813 712 eventurum
843 649 895 714 sit.
942 649 994 713 Ita
1023 667 1124 714 nexus
1156 667 1264 714 rerum

101 741 304 806 necessarius
328 741 519 809 declaratur.
558 744 623 823 (Sic
647 743 792 811 Handius
814 746 859 826 ΙΙ,
890 765 918 828 p.
943 752 1028 824 485).
1062 746 1142 812 (lato
1166 746 1202 810 R.
1228 746 1263 810 R.

102 856 128 904 e
155 841 191 902 6:
216 842 335 902 Circum
359 861 485 906 coronas
509 851 540 906 et
562 847 675 906 circum
698 847 761 906 rias
784 851 880 908 ulmos
903 847 993 908 serito
1023 853 1055 909 et
1076 849 1187 923 partim
1211 863 1264 922 po-

101 941 267 1013 pulcanti
290 939 428 1008 frondem
451 945 553 1005 oribus
576 949 608 1003 ot
630 945 724 1006 bubus
747 945 875 1023 habeas,
907 949 937 1006 ct
962 948 1117 1021 materia·
1133 948 1158 1006 si
1188 961 1265 1021 quae

103 1054 181 1112 opus
204 1040 255 1108 sit,
278 1046 385 1114 parata
408 1042 475 1103 erit.

189 1131 209 1197 i.
256 1134 328 1200 Non¹
355 1142 479 1202 tantum
510 1143 635 1218 partes·
651 1138 831 1204 sententiae
857 1138 992 1205 alicuius
1022 1138 1081 1205 hac
1105 1139 1265 1220 particula

106 1231 316 1312 copulantur,
351 1234 409 1300 sed
438 1233 535 1300 etiam
564 1236 744 1301 sententiae
770 1237 869 1317 ipsae.
913 1239 1020 1317 Atque
1050 1237 1265 1318 antiquissimi

104 1331 291 1410 scriptores,
315 1349 451 1413 quornm
475 1351 581 1399 sermo
596 1333 736 1400 nondum
753 1339 825 1400 erat
840 1336 947 1416 aptius
967 1337 1171 1416 compositus,
1195 1352 1266 1400 sae-

101 1427 234 1507 pissime
257 1436 417 1511 usurpant
444 1449 515 1496 eam
540 1433 575 1497 in
601 1433 692 1498 initio
721 1435 967 1512 sententiarum,
996 1434 1265 1514 quemadmodum

101 1523 181 1591 iecit
203 1526 293 1594 Cato.
317 1529 384 1612 (Sic
407 1529 553 1596 Handius
575 1549 606 1612 p.
623 1536 707 1605 487).
740 1530 820 1597 Octo
843 1531 880 1600 R.
903 1533 940 1597 R.
964 1532 1078 1614 praei:
1102 1537 1148 1597 Et
1169 1536 1266 1595 virum

102 1626 213 1688 bonum
236 1647 301 1689 eum
323 1631 496 1706 laudabant,
520 1634 563 1692 ita
585 1633 758 1710 laudabant,
782 1635 889 1694 bonum
913 1635 1074 1709 agricolam
1096 1635 1264 1708 bonumque

103 1727 251 1786 colonum·
302 1725 337 1792 Ο.
366 1733 399 1792 9:
434 1731 480 1792 Et
510 1732 541 1789 id
570 1731 677 1792 videto.
734 1729 838 1794 Pleut
859 1729 964 1794 Most.
991 1727 1021 1807 I,
1050 1733 1084 1808 3,
1117 1734 1176 1793 137
1200 1745 1263 1808 eq:

101 1829 211 1896 potare
233 1834 330 1887 tecum
356 1830 570 1890 conlabitumst
592 1831 673 1888 milri.
718 1827 828 1892 PHIL.
858 1833 903 1891 Et
924 1831 1031 1904 edepol
1062 1832 1135 1890 mihi
1157 1837 1265 1890 tecum.

103 1919 232 1986 Terent.
256 1923 337 1988 Eun.
361 1924 391 2005 Ι,
419 1931 452 2004 l,
479 1932 534 1993 19:
571 1931 616 1989 Et
637 1930 715 2004 quod
743 1945 821 1989 nunc
851 1935 915 1989 tute
943 1936 1042 1990 tecum
1064 1929 1159 1989 iratus
1185 1929 1266 2003 eogi-

103 2030 150 2084 tas
174 2024 248 2087 cett.
557 2039 560 2046 '
683 2034 687 2045 “

190 2137 219 2200 g.
250 2120 475 2186 Praemittitur
497 2122 542 2186 sic
565 2128 594 2184 er
614 2115 769 2186 ¹vocabulo
785 2119 1009 2187 affirmationis
1024 2127 1107 2186 certe.
1136 2121 1265 2187 Terent.

102 2218 184 2282 Eun.
201 2218 239 2300 V,
265 2225 302 2300 5,
322 2226 357 2284 4:
382 2223 441 2283 Sed
464 2229 550 2284 estne
573 2223 626 2283 ille
650 2229 754 2282 noster
776 2222 945 2282 Parmeno?
967 2227 997 2282 ct
1018 2225 1094 2281 certe
1109 2223 1192 2296 ipsus
1209 2231 1265 2282 est.

103 2315 238 2398 Adelph.
262 2316 295 2397 Ι,
322 2323 354 2399 1,
378 2322 432 2384 53;
457 2321 522 2388 Sed
540 2328 625 2382 estne
650 2322 698 2381 hic
721 2322 815 2397 ipsus,
837 2319 874 2379 de
899 2339 956 2397 quo
973 2320 1117 2398 egebam?
1141 2325 1170 2378 ct
1191 2326 1267 2381 certe

103 2419 129 2478 is
153 2421 209 2480 est.
866 2464 869 2472 ,

190 2513 221 2579 lr.
267 2514 394 2581 Dicitur
416 2523 445 2578 et
466 2515 563 2580 etiam
586 2532 645 2596 pro
674 2518 781 2595 ctiam,
809 2514 848 2580 dc
871 2533 991 2596 quare
1023 2515 1155 2596 egregie
1177 2514 1266 2578 Han·

103 2613 177 2678 dius
207 2631 238 2693 p.
263 2618 324 2678 503
348 2630 394 2693 sq.
425 2613 471 2678 sie
498 2604 662 2693 disputati
693 2613 962 2694 „Etparticula
995 2631 1077 2694 quae
1107 2614 1205 2679 verba
1234 2619 1268 2678 et

103 2711 282 2776 sententias
305 2713 482 2793 coniungit,
513 2730 583 2776 eam
611 2712 643 2775 in
673 2730 707 2776 se
729 2712 827 2777 habet
848 2713 911 2778 vim
935 2712 1112 2792 propriam,
1143 2711 1266 2778 utalia

103 2815 180 2874 ante
204 2810 298 2876 dictis
321 2809 372 2875 vel
401 2814 475 2874 ante
499 2811 648 2891 cogitatis
671 2811 800 2876 adiiciat
823 2812 889 2876 sive
913 2810 1136 2890 complemeuti
1158 2827 1265 2889 causa,

105 2906 233 2974 sivein
261 2909 401 2989 partium
430 2906 668 2988 compositione.
713 2907 799 2989 Ergo
831 2907 988 2988 significat
1018 2915 1046 2969 cr
1075 2911 1116 2969 od
1141 2912 1211 2978 hoc,
1240 2914 1268 2970 et

103 3011 203 3071 simul.
251 3007 346 3073 Haec
362 3025 439 3071 vero
467 3006 537 3085 ipsa
559 3008 701 3071 accessio
725 3007 772 3070 rei
801 3005 828 3071 si
851 3007 897 3070 ita
919 3006 1116 3086 designanda
1139 3011 1202 3084 est,
1228 3011 1265 3068 ut

104 3105 232 3179 dicatur
254 3117 306 3170 res
330 3123 401 3170 esse
423 3110 594 3185 praeterea
616 3105 682 3168 sive
706 3111 837 3186 praeter
858 3103 905 3184 id,
930 3103 1014 3184 quod
1038 3104 1159 3168 dictum
1182 3103 1267 3182 cogi·

104 3207 250 3269 tutumve
273 3204 330 3284 sit,
363 3203 471 3268 Latini
494 3204 605 3270 dieunt
634 3207 731 3266 dion.
756 3207 880 3292 fidi,
912 3203 996 3282 quod
1019 3202 1149 3281 copulat
1172 3206 1205 3264 et
1227 3200 1268 3264 eb

103 3302 197 3367 initio
221 3303 399 3368 sententiae
422 3303 568 3383 ponitur,
602 3315 699 3382 quum
722 3303 776 3365 uni
807 3301 901 3366 alicui
930 3301 1048 3366 nomini
1072 3297 1268 3379 peculiarem

106 3400 217 3466 adiicit
241 3401 509 3482 designationem,
545 3407 582 3465 ut
604 3402 646 3464 sit
667 3407 695 3462 er
716 3402 757 3461 ad
780 3404 835 3462 noc
855 3402 947 3478 illud,
979 3403 1083 3463 mutat
1106 3398 1212 3463 locum
1236 3401 1275 3462 et'

106 3503 244 3579 occupat
267 3517 339 3564 eum
366 3507 439 3578 post
454 3501 590 3580 primum
607 3515 723 3563 nomen
739 3499 807 3564 sive
826 3503 876 3562 est
892 3497 1072 3562 coniunctio
1089 3496 1156 3561 sive
1172 3495 1268 3561 aliud.

107 3589 292 3662 Attrahitur
321 3599 403 3662 enim
438 3605 467 3660 et
495 3598 535 3662 ab
570 3617 633 3661 nno
663 3598 769 3676 aliquo
798 3595 941 3674 nomine,
976 3595 1061 3673 quod
1090 3593 1266 3674 sequitur.“

107 3696 206 3762 Addit
227 3696 342 3761 deinde
365 3703 393 3758 ci
415 3696 460 3760 sic
482 3697 586 3776 posito
609 3695 748 3776 priorem
780 3699 919 3774 partem,
950 3693 1001 3758 cui
1027 3693 1132 3757 altera
1160 3710 1219 3772 per
1241 3698 1270 3754 ct

106 3795 315 3876 adiungatur,
345 3797 407 3860 iam
439 3797 543 3858 animo
574 3794 626 3859 vel
648 3794 754 3858 verbis
777 3796 852 3856 ante
882 3791 977 3856 dictis
1004 3789 1174 3855 tenendam
1198 3809 1269 3857 esse

107 3899 301 3973 conceptam.
351 3894 457 3958 Etiam
488 3911 507 3958 a
530 3893 644 3957 Plauto
675 3891 759 3955 hunc
782 3908 874 3954 usum
905 3889 1083 3970 particulae
1106 3905 1170 3953 non
1195 3906 1266 3952 esse

106 3995 248 4059 alienum
272 3993 424 4075 exempla,
449 4009 532 4072 quae
554 3992 637 4056 inira
652 4007 821 4071 ponendus,
845 3988 1105 4068 comprobabunt.
1150 3985 1270 4050 Perne-

107 4101 162 4173 get
186 4093 219 4156 id
241 4091 469 4158 Fleckeisenus
492 4091 523 4154 in
547 4088 651 4154 Iahnii
667 4086 779 4154 annal.
807 4091 905 4163 1851,
936 4085 1112 4162 voturi,
1136 4087 1214 4147 sect.
1243 4089 1268 4161 1,

106 4210 137 4270 p.
164 4195 220 4270 59,
249 4190 334 4269 quod
362 4187 521 4270 quomodo
546 4187 652 4252 iacere
675 4187 836 4268 potuerit,
860 4185 1007 4265 equidem
1029 4201 1094 4248 non
1115 4179 1269 4260 intelligo.
