3076 4762
250 192 311 252 124
669 217 673 228 ,
689 180 815 223 VERBUM.
842 181 905 222 011³.
919 183 967 223 xm.

246 375 374 436 animum
401 373 521 431 induxti
546 379 637 432 tuom.
690 370 771 435 Eun.
795 368 829 450 I,
856 378 887 451 l,
912 375 948 434 2:
974 375 1020 433 Ne
1052 391 1129 433 nune
1157 373 1275 447 quidem
1306 374 1406 449 Quom

246 489 379 532 arcessor
401 463 506 530 ultro?
529 487 553 528 v.
572 473 605 528 7:
629 485 715 542 quom
738 488 824 532 nemo
847 475 964 544 expetet.
988 468 1030 547 Π,
1054 473 1083 547 2,
1109 472 1162 532 12;
1186 473 1227 530 nil
1250 489 1337 544 quem
1352 477 1404 550 est,

245 572 288 630 nil
312 568 383 629 defit
407 575 516 627 temen.
542 569 570 643 3,
597 567 646 629 19.
670 583 697 630 v,
721 572 760 631 41
780 585 842 648 sq.:
870 569 1021 628 mensibus
1045 570 1104 629 Sex
1133 575 1248 646 septem
1278 587 1404 643 prorsus

244 684 304 728 uon
327 666 435 731 vidisse
459 666 617 738 proxumis,
640 667 706 724 Nisi
729 684 815 741 nune,
838 684 925 740 quom
947 669 1074 727 minume
1089 668 1192 726 uellem
1215 669 1404 742 minumeque

245 783 319 840 opus
350 765 418 836 suit.
450 767 479 837 3,
503 764 560 823 51:
589 779 676 835 quem
705 765 763 824 hue
792 765 916 839 respicio
943 766 980 824 ed
1011 765 1162 839 virginem.
1194 781 1223 828 v.
1248 768 1304 828 54:
1337 765 1405 826 Hue

245 879 330 936 quom
353 861 485 928 aduentu,
508 861 590 920 nullu
613 867 687 921 eret.
711 859 778 940 III,
803 866 837 939 3,
861 865 895 925 4:
919 864 978 922 iem
1001 871 1060 923 tum
1085 879 1171 935 quom
1194 865 1322 937 primum
1343 863 1404 922 tue-

243 961 283 1021 se‘t
304 977 350 1019 me
373 958 410 1019 ed
434 975 466 1018 se
489 961 646 1018 arcessier.
676 975 704 1023 v.
732 962 797 1022 16:¹
816 961 885 1036 qnid
909 962 1076 1033 habuisset,
1107 951 1203 1032 puom'
1216 961 1302 1033 perit.
1347 957 1401 1036 IV,

244 1061 274 1134 2,
298 1059 332 1119 6:
355 1059 443 1131 longe
465 1055 523 1114 iem
546 1058 686 1131 abieram,
709 1060 803 1135 Quom
824 1059 910 1120 sensi.
955 1063 985 1133 4,
1010 1060 1065 1119 57:
1091 1059 1182 1131 Quin,
1213 1075 1301 1130 quom
1331 1059 1404 1117 inde

244 1156 327 1222 abeo,
355 1156 413 1214 iem
442 1159 503 1212 tum
528 1155 684 1228 inceperat
706 1157 805 1214 Turba
829 1158 909 1215 inter
931 1173 991 1216 ens.
1039 1159 1068 1232 7,
1093 1157 1141 1216 22.
1180 1152 1295 1216 Heaut.
1320 1152 1403 1232 prol.

242 1241 351 1314 v.'33:
384 1254 429 1311 De
457 1252 538 1310 illine
568 1256 702 1325 peccetis
730 1259 817 1330 plura
846 1255 943 1328 dicet,
973 1269 1061 1325 quom
1084 1252 1168 1312 dubit
1188 1250 1274 1313 Alias
1300 1271 1400 1313 novas.

242 1347 298 1425 IV,
324 1353 360 1426 l,
392 1352 445 1411 37:
480 1365 567 1421 quem
594 1353 798 1424 exponendam
825 1352 861 1409 de
887 1353 940 1412 illi.
987 1354 1022 1426 5,
1056 1354 1111 1412 54:
1143 1351 1219 1422 Quia
1251 1351 1403 1412 videbitur

245 1449 341 1521 Magis
374 1449 438 1506 veri
463 1448 558 1506 simile
586 1447 616 1505 id
639 1466 719 1517 esse,
740 1465 827 1521 quom
850 1450 898 1508 hie
920 1450 966 1508 illi
988 1447 1079 1506 dubit.
1124 1450 1154 1523 8,
1182 1452 1278 1524 lsq.:
1304 1449 1403 1507 Multo

244 1546 374 1604 omnium
397 1561 474 1604 nune
498 1561 544 1602 me
561 1544 835 1608 fortunatissumnm
860 1549 983 1608 Factum
1007 1553 1079 1620 puto
1096 1562 1171 1616 esse,
1197 1575 1234 1586 -
1260 1551 1401 1617 quemue

240 1639 376 1714 intellepo
398 1641 562 1715 Resipisse.
607 1640 735 1705 Phorm.
767 1642 845 1721 prol.
877 1660 905 1706 v.
931 1646 980 1706 23.
1012 1661 1040 1705 v.
1065 1647 1121 1705 32:
1150 1643 1245 1718 Quom
1273 1660 1330 1716 per
1356 1648 1402 1702 tu·

241 1743 364 1800 multum
393 1745 494 1799 noster
521 1757 594 1816 grex
622 1747 718 1801 motus
752 1745 852 1802 loeost
898 1738 929 1810 Ι,
959 1745 994 1816 2,
1023 1743 1080 1803 82:
1114 1743 1209 1818 Quom
1239 1747 1272 1800 tn
1295 1742 1400 1800 horum

240 1839 283 1897 nil
299 1838 421 1910 refelles,
442 1836 557 1897 vineam
581 1840 711 1918 seilicet..
750 1844 784 1915 4,
810 1842 863 1901 30:
893 1842 987 1915 Quum
1010 1841 1066 1899 hoe
1086 1857 1143 1899 non
1164 1855 1293 1915 possum,
1316 1839 1400 1898 illud:

241 1938 337 1996 miuus
359 1953 486 2010 possem.
532 1932 574 2012 ΙΙ,
601 1939 633 2011 1,
659 1940 712 1998 ll:
743 1939 837 2010 Quem
866 1941 967 1998 obrem
990 1939 1103 2015 omnis,
1130 1954 1218 2009 quom
1250 1937 1400 1996 seeundne

241 2039 313 2092 eunt
336 2051 488 2108 maxume,
520 2040 581 2092 tum
599 2053 731 2094 maxume
755 2037 896 2095 Meditari
921 2053 1019 2094 seeum
1044 2041 1165 2111 oportet
1187 2036 1261 2098 cett.
1285 2050 1314 2093 v.
1340 2035 1398 2096 37:

241 2132 337 2207 Quom
360 2133 448 2208 illest,
473 2133 521 2192 hie
544 2141 705 2206 praestent.
752 2136 780 2208 2,
805 2135 860 2195 26:
890 2149 977 2205 quum
1004 2135 1056 2191 ille
1080 2138 1112 2190 et
1131 2150 1203 2191 eure
1226 2137 1258 2190 et
1280 2135 1400 2206 sumptu

242 2228 416 2289 absumitur.
463 2227 539 2292 Hee.
568 2229 647 2307 prol.
678 2233 706 2310 Ι,
731 2247 757 2290 v.
785 2235 814 2292 l:
838 2233 913 2290 heee
937 2247 1024 2303 quum
1053 2230 1152 2289 datast
1178 2229 1270 2290 Nove.
1317 2224 1398 2305 prol.

240 2322 283 2402 ΙΙ,
307 2343 332 2387 v.
357 2330 411 2390 25:
440 2329 532 2402 Quom
559 2330 684 2402 primum
716 2347 781 2389 eum
809 2346 896 2403 egere
925 2329 1012 2402 eoepi.
1043 2326 1084 2389 ib.
1108 2343 1136 2388 v.
1162 2329 1220 2388 31:
1244 2343 1332 2399 quom
1354 2327 1399 2384 in-

241 2430 325 2483 terea
348 2443 448 2484 rumor
469 2428 555 2486 uetuit.
601 2423 626 2501 I,
651 2429 678 2496 2,
704 2430 758 2488 41:
783 2427 911 2487 Amebet
935 2457 973 2468 -
996 2426 1090 2501 Quom
1111 2431 1199 2499 pater
1221 2441 1343 2482 uxorem
1367 2428 1400 2482 ut

242 2523 330 2582 duent
363 2541 450 2582 orere
482 2525 593 2596 occipit.
639 2521 688 2584 III
696 2572 703 2601 ,
728 2528 764 2600 3,
789 2527 843 2587 25:
876 2541 962 2597 quem
997 2530 1091 2584 oreta¹
1118 2523 1182 2582 eius
1213 2522 1397 2596 reminiscor,

240 2637 354 2694 nequeo
385 2623 454 2696 quin
487 2623 649 2682 lacrumem
677 2625 778 2683 miser.
822 2627 856 2698 4,
887 2624 942 2683 45:
973 2622 1137 2692 Lenrumo,
1169 2627 1244 2694 quae
1271 2621 1400 2694 posthae

239 2715 370 2776 futurest
399 2719 460 2778 vite
491 2733 578 2790 quom
604 2721 634 2777 iu
663 2727 790 2779 mentem
820 2721 906 2780 uenit.
954 2721 986 2794 5,
1011 2721 1063 2780 25.
1089 2714 1143 2790 IV,
1170 2720 1201 2794 1,
1234 2721 1287 2779 57:
1311 2735 1398 2789 quom

240 2820 440 2888 compressest
460 2823 558 2889 gnata.
585 2833 612 2876 v.
638 2818 694 2876 61:
718 2836 804 2892 quom
829 2821 913 2879 sciet.
942 2822 971 2888 4,
989 2819 1029 2877 27
1035 2833 1043 2877 :
1066 2832 1240 2888 quemeem
1264 2817 1401 2889 nequitur

239 2913 354 2970 alienus
376 2930 459 2986 puer.
504 2911 541 2990 V,
570 2917 595 2990 l,
618 2917 650 2975 8:
674 2931 760 2987 queem
782 2917 862 2974 uenit
891 2917 920 2974 in
949 2921 1085 2973 mentem.
1132 2915 1169 2988 2,
1193 2915 1225 2975 3:
1247 2915 1343 2990 Quom
1365 2919 1397 2972 tu

239 3009 297 3068 eris
320 3015 422 3070 sature
445 3017 533 3086 utque
558 3013 649 3072 ebrie.
696 3010 830 3089 Adelph.
854 3011 933 3090 prol.
962 3028 990 3074 v.
1018 3014 1072 3073 le:
1101 3025 1188 3082 quom
1210 3013 1271 3070 illis
1291 3012 1394 3084 placet.

240 3104 267 3183 Ι,
290 3109 319 3180 2,
346 3111 399 3170 16:
423 3111 497 3168 haee
520 3127 606 3183 quom
630 3112 682 3181 illi,
707 3113 814 3186 Micio,
837 3111 928 3180 Dice,
951 3111 1005 3169 tibi
1029 3109 1103 3168 dieo.
1149 3124 1177 3171 v.
1202 3110 1256 3169 53:
1281 3116 1329 3168 eet
1352 3109 1399 3168 dis

237 3209 342 3278 gretie,
365 3207 459 3282 Quom
481 3211 523 3268 ita
544 3217 576 3267 ut
592 3212 658 3268 volo
682 3213 731 3270 eet.
769 3227 797 3270 v.
816 3211 870 3270 64:
893 3209 987 3284 Quom
1004 3208 1100 3280 placo,
1124 3206 1267 3266 adversor
1283 3207 1397 3265 sedulo.

239 3299 480 3367 Schmiederus:
506 3331 573 3380 ,‚=
602 3321 671 3368 eum
702 3304 828 3383 placere
856 3303 943 3379 volo,
975 3307 1103 3381 oportet
1126 3319 1176 3364 me
1199 3297 1397 3365 adverseri.“

236 3397 279 3475 ΙΙ,
305 3403 333 3475 3,
362 3405 391 3462 1:
418 3397 533 3475 quomst
558 3421 640 3479 opus.
668 3397 733 3478 III,
758 3409 793 3476 3,
818 3406 858 3465 30
874 3418 935 3479 sq.:
965 3403 1074 3463 Videre
1104 3403 1206 3462 videor
1235 3401 1293 3462 iem
1318 3401 1396 3459 diem

236 3499 330 3570 illum,
354 3515 443 3571 quom
467 3502 534 3560 hine
558 3519 648 3575 egens
671 3502 837 3575 Prosuptet.
860 3498 916 3578 IV,
942 3505 970 3576 5,
995 3503 1044 3563 34.
1070 3502 1099 3578 7,
1124 3502 1181 3560 20:
1209 3517 1288 3559 nune
1309 3515 1397 3572 quem

237 3613 295 3656 non
318 3613 399 3674 queo,
424 3615 519 3672 nequo
543 3601 641 3658 enimn
664 3599 737 3660 tero.
784 3597 822 3676 V,
846 3601 875 3675 6,
899 3602 927 3661 9.
951 3661 953 3664 .

322 3692 352 3756 Ι).
403 3697 501 3772 Quum
534 3694 693 3773 particule
733 3715 803 3760 num
837 3696 1009 3760 indicative
1044 3698 1211 3762 coniuncte
1248 3695 1398 3776 deposita

237 3789 389 3868 temporis
422 3781 652 3871 significatione
693 3795 897 3874 coniungitur
933 3810 1003 3858 eum
1039 3795 1141 3860 altere
1174 3795 1396 3860 enunciatione

235 3903 294 3966 per
317 3893 379 3951 tum
401 3907 552 3968 expressa
567 3891 607 3953 ad
623 3892 817 3969 copulandas
840 3891 911 3956 illas
934 3893 1183 3959 emundationes.
1214 3893 1266 3959 Sin
1288 3894 1395 3958 Pleut.

234 3981 311 4076 ciet.
336 3985 361 4064 Ι,
379 3991 483 4050 ’1-3ι
509 3990 581 4050 Ouum
603 3997 632 4048 te
657 3994 783 4051 antehae
806 3995 906 4052 ament
929 4001 960 4052 et
983 3995 1054 4052 mihi
1077 3997 1201 4055 nminem
1218 4013 1284 4054 esse
1308 3999 1396 4072 ercet,

233 4086 305 4144 Mea
327 4081 533 4162 Gymnasium,
557 4096 587 4147 et
610 4097 734 4152 metrum
758 4098 854 4166 tuem,
878 4094 940 4150 tum
963 4091 995 4150 id
1017 4094 1089 4152 mihi
1113 4095 1200 4154 hodie
1224 4097 1394 4170 aperuistis.

233 4181 408 4261 True‘lv,
437 4191 461 4262 l,
485 4187 512 4245 6.
534 4183 661 4248 Terent.
686 4187 783 4248 Andr.
809 4187 832 4265 1,
860 4193 885 4264 l,
910 4193 963 4252 69:
987 4194 1082 4269 Quom
1105 4195 1135 4251 id
1159 4195 1229 4252 mihi
1247 4194 1395 4265 plaeetne,
