3076 4762
256 145 315 206 128
701 136 827 176 vuuauu.
855 135 981 177 oar'xu.

251 327 452 400 vehementer,
474 328 544 401 quia
560 333 690 386 scortum
713 330 769 388 sibi
793 329 838 388 Ob
861 329 963 387 oeulos
986 325 1196 386 adduxeritis
1220 323 1313 399 aedis,
1337 325 1408 384 dom

250 427 314 484 ruri
341 426 408 500 ipsa
437 425 525 484 obest.
571 421 608 501 V,
632 430 662 503 4,
685 427 741 488 46:
769 418 837 484 nou'
859 426 987 485 utibilist
1016 423 1065 482 hie
1093 424 1191 496 locus,
1220 420 1309 480 iactis
1339 422 1408 493 tuis,

251 521 336 580 Dum
363 537 560 580 memoramus
597 524 672 583 cett.
701 518 819 584 Pseud.
849 517 882 598 Ι,
913 526 947 598 l,
972 521 1034 583 33:¹
1058 517 1153 593 Tace,
1184 518 1254 578 dom
1281 519 1409 579 tabelias

243 617 367 691 polleyo.
412 615 528 679 Pseud.
552 635 581 680 v.
607 622 685 682 921:
712 619 784 679 dom
806 621 858 678 ilie
872 618 987 680 meato.
1011 615 1108 679 Poen.
1132 614 1157 694 Ι,
1174 621 1203 684 2,
1227 619 1303 678 149:
1325 616 1410 676 Dum

251 723 281 776 te
305 719 445 790 exspecto,
465 731 562 791 neque
586 717 674 776 aliam
698 733 821 791 usquam
836 717 908 776 mihi
924 712 1028 790 paravi
1051 715 1178 788 copiam,
1201 715 1305 789 Neque
1330 717 1407 774 istuc

251 830 373 888 usquam
397 813 530 888 adparet.
577 815 624 872 Ita
651 831 728 874 nuuc
759 816 855 875 servio
879 815 972 888 nihilo
1000 815 1105 874 miuus.
1151 807 1206 886 IV,
1231 814 1264 885 2,
1290 813 1345 873 92:
1369 813 1409 870 At

252 913 330 970 anim
354 912 428 970 nihil
451 918 515 981 est',
539 910 688 970 uisi'ehom
710 911 800 978 colet,
824 912 880 971 hoc
914 912 1021 985 agitur.
1077 907 1165 973 Pers.
1201 905 1270 985 ΙΙΙ,
1295 911 1328 983 l,
1354 911 1407 971 35:

249 1007 333 1068 Dum
355 1009 485 1068 tunicam
508 1011 533 1068 is
550 1010 649 1082 pontt.
694 1012 723 1085 3,
746 1011 806 1070 43:
827 1008 922 1068 Dum
943 1012 1015 1078 stes,
1036 1009 1164 1068 reditum
1187 1007 1328 1081 oportuit.
1353 1003 1408 1084 IV,

251 1108 279 1183 3,
297 1107 354 1168 31:
378 1113 455 1180 tace,
471 1106 540 1166 dam
553 1107 671 1180 pelope.
689 1103 727 1178 V,
743 1108 773 1183 2,
790 1109 846 1168 3οε
870 1107 987 1166 Delude
1003 1112 1036 1166 ut
1061 1106 1153 1172 lubet
1169 1121 1237 1163 erus
1253 1103 1324 1164 dom
1340 1106 1408 1164 hine

250 1205 340 1264 otest.
364 1200 456 1267 Truc.
477 1201 502 1278 I,
529 1207 555 1273 Ι,
581 1208 636 1265 17:
659 1203 799 1278 Dumque
823 1204 880 1264 huc
902 1203 1032 1278 meaque
1055 1203 1126 1263 illuc
1153 1205 1288 1263 irretitos
1318 1203 1408 1277 impo-

249 1302 302 1361 ott.
328 1298 393 1376 (Sic
421 1299 625 1365 scribendum
651 1299 805 1364 existimo.
835 1301 885 1378 Ag
915 1302 983 1362 dum
1011 1302 1078 1373 huc,
1109 1301 1177 1372 dum
1209 1301 1283 1360 illuc
1305 1309 1407 1360 reteor

250 1401 321 1474 imp.
350 1397 398 1476 &g
422 1406 486 1459 rete
504 1417 543 1459 or
566 1401 635 1474 imp.
659 1399 792 1459 irretitos
815 1415 835 1460 a
862 1396 1022 1477 Smiigero
1049 1394 1226 1476 proiectum
1256 1398 1330 1468 est).
1354 1395 1408 1468 lv,
1522 1445 1523 1448 η

250 1500 279 1573 2,
310 1500 365 1563 24:
397 1497 530 1572 Interea,
561 1494 712 1570 magister,
747 1496 818 1556 mam
852 1506 884 1556 tu
915 1497 1142 1557 commentatore.
1176 1491 1293 1556 Caecil.
1327 1492 1406 1558 Stat.

249 1591 369 1659 Karine
392 1591 431 1656 fr.
456 1596 488 1655 3:
513 1595 603 1654 Modo
626 1593 660 1654 fit
682 1595 848 1669 obsequens
872 1595 985 1654 hilarus
1015 1597 1107 1655 comis
1137 1594 1306 1654 Communis
1333 1611 1404 1653 con·

248 1693 357 1768 cordis,
381 1685 452 1750 dom
473 1692 504 1750 id
527 1692 604 1766 qaod
626 1693 704 1766 petit
721 1692 845 1764 potitor.
889 1689 1030 1754 Plocium
1053 1687 1093 1752 ir.
1121 1697 1146 1760 l,
1171 1707 1206 1762 v.
1224 1693 1298 1752 147:
1322 1689 1407 1750 Dum

250 1791 313 1852 eius
341 1798 466 1850 mortem
493 1790 585 1865 tatio,
616 1797 733 1864 egomet
767 1792 833 1850 vivo
867 1793 946 1850 iuter
981 1791 1062 1850 vivos
1089 1787 1231 1849 mortuus.
1277 1784 1407 1869 Terent.

248 1884 347 1949 Andr.
365 1885 401 1964 V,
422 1892 448 1956 1,
465 1891 497 1948 3:
521 1887 604 1946 Dum
626 1887 726 1950 studeo
749 1888 873 1962 obsequi
896 1889 959 1960 tibi,
983 1903 1079 1962 paena
1102 1887 1193 1946 inlusi
1208 1887 1298 1946 vitam
1315 1886 1404 1947 tiliae.
1522 1939 1523 1944 ,

248 1999 276 2046 v.
308 1987 362 2050 13:
392 1986 500 2058 incepi,
531 2001 580 2043 res
608 1983 679 2044 dom
706 1986 809 2049 orout.
838 1983 918 2046 Eun.
941 1981 1002 2062 ΙΙΙ,
1029 1987 1058 2062 5,
1082 1988 1141 2048 47:
1164 1986 1316 2043 ventulum
1336 1983 1406 2046 huic

247 2085 291 2144 sio
314 2081 415 2156 iacito,
438 2082 507 2150 dom
530 2083 676 2144 lavamur.
704 2079 743 2160 V,
775 2086 804 2157 2,
832 2085 863 2160 4,
885 2083 969 2158 Dum
996 2089 1065 2142 ante
1092 2083 1199 2142 ostium
1235 2085 1287 2150 sto,
1318 2088 1405 2142 notus

248 2181 461 2256 mihiquidem
483 2181 597 2240 obviem
622 2177 722 2242 Venit.
734 2179 865 2266 fletui.
890 2178 933 2258 II,
956 2183 985 2257 2,
1009 2183 1063 2246 11;
1085 2178 1163 2240 nosti
1186 2196 1284 2238 mores
1300 2179 1405 2239 mulie·

249 2291 329 2338 rum:
353 2279 436 2338 Dum
458 2278 628 2346 metientur,
651 2278 721 2338 dum
744 2283 897 2352 coaaatar,
922 2297 1016 2340 annus
1040 2285 1095 2340 est.
1122 2279 1178 2352 Ill,
1209 2280 1236 2345 1,
1266 2278 1322 2339 83;
1351 2278 1403 2337 So·

248 2394 356 2462 muum·
370 2379 471 2460 hercla
496 2395 550 2450 ego
573 2377 630 2436 hae
653 2384 741 2437 nocte
763 2395 887 2437 —non
910 2377 1027 2444 vidi-
1049 2375 1184 2434 Domiti
1207 2390 1326 2448 qaaere,
1350 2375 1405 2434 tibi

250 2477 300 2549 qui
323 2475 416 2533 filium
439 2475 639 2534 restituerem.
684 2471 761 2535 Hec.
785 2470 823 2542 V,
848 2476 876 2551 3,
900 2477 957 2540 31:
980 2474 1111 2548 dicitque
1128 2489 1194 2533 sese
1211 2474 1256 2531 ilii
1273 2476 1404 2545 anulum,

250 2572 321 2630 oium
343 2573 442 2646 laetat,
467 2572 642 2630 detraxisse.
691 2569 751 2632 Ad.
781 2568 806 2647 Ι,
830 2573 859 2648 2,
891 2574 945 2638 38:
972 2572 1091 2632 dabitur
1121 2589 1139 2630 a
1164 2588 1211 2630 me
1238 2578 1404 2644 argeutum,

245 2669 397 2728 demerit
423 2668 615 2728 commodum.
646 2665 683 2736 V,
709 2671 736 2744 7,
764 2671 777 2729 l
803 2682 849 2745 sq.

332 2763 362 2828 b.
407 2763 477 2826 Hoc
505 2763 658 2842 temporis
680 2763 819 2843 spatium
842 2763 966 2829 duabus
988 2765 1085 2830 rebus
1100 2781 1266 2830 commune
1281 2769 1404 2828 certam

249 2877 430 2923 mensuram
459 2859 638 2942 habereut
668 2863 708 2925 ad
742 2863 881 2942 aliquem
918 2861 1087 2928 terminum
1120 2860 1253 2941 produci
1287 2865 1404 2941 potest.

248 2957 328 3021 Tum
350 2977 417 3023 voc.
441 2961 513 3020 dom
534 2960 637 3040 ipsum
660 2960 830 3023 terminum
853 2958 1021 3040 significat,
1044 2963 1157 3022 tamdiu
1187 2977 1284 3034 quara,
1312 2977 1408 3034 usque

248 3549 276 3616 2,
297 3547 356 3608 48:
381 3566 439 3607 non
461 3555 561 3607 metuo
584 3551 656 3610 mihi
679 3568 734 3609 nec
758 3552 914 3624 quoiquam
938 3551 1083 3626 supplico,
1106 3548 1190 3606 Dora
1206 3547 1323 3622 quidem
1346 3548 1404 3608 hoc

246 3645 356 3704 volabit
380 3654 485 3720 pectus
516 3647 643 3722 perfidia
671 3666 776 3709 meum.
806 3645 860 3723 IV,
889 3654 918 3716 4,
947 3650 1002 3709 85:
1036 3650 1124 3706 Mane
1148 3645 1352 3711 democritii,
1376 3665 1401 3704 v.

247 3741 355 3808 adnot.
378 3741 567 3806 Boxhornii:
587 3744 789 3823 ,exspecta
813 3762 852 3806 ne
876 3743 970 3820 dicta,
1002 3743 1113 3821 donec,
1146 3759 1228 3820 quae
1263 3740 1404 3819 dictasti,

245 3837 440 3916 scripserit.“
462 3840 578 3906 Pseud.
603 3857 630 3904 ν.
649 3846 725 3906 257:
749 3845 836 3913 Dedi,
859 3842 929 3904 dom
950 3841 1017 3914 suit
1041 3840 1113 3919 1,3‚
1139 3844 1215 3905 103:
1241 3843 1318 3914 Quia
1333 3843 1402 3901 eda·

246 3940 307 4012 pol,
330 3937 400 3998 dom
423 3957 478 4014 ego
500 3942 582 4000 vivos
605 3943 709 4014 vivam,
732 3960 888 4022 numquam
913 3943 971 4001 eris
995 3941 1073 4014 frugi
1095 3942 1199 4000 bonae.
1228 3945 1256 4015 5,
1282 3943 1321 4002 92
1346 3955 1402 4016 cqc

247 4036 412 4111 Numquam
442 4039 548 4098 edepol
578 4042 734 4114 quoiquam
769 4040 954 4114 supplicabo,
981 4039 1051 4098 dum
1078 4040 1197 4112 quidem
1225 4040 1269 4096 Tu
1293 4033 1401 4113 [vivos]

245 4132 332 4194 uiues.
357 4130 411 4202 lv,
435 4139 463 4204 7,
487 4139 545 4200 25:
568 4137 652 4195 Dum
674 4153 780 4197 recens
802 4141 852 4205 est,
874 4138 957 4196 Dum
981 4137 1074 4212 dotat,
1102 4137 1173 4196 dum
1202 4136 1285 4203 colet,
1314 4137 1401 4195 devo·

248 3073 289 3135 eo,
313 3055 342 3134 io
365 3057 457 3140 louge
482 3057 542 3120 oli.
567 3061 673 3138 Atque
695 3059 740 3121 ita
762 3057 902 3121 ambitus
925 3057 1061 3122 alicuius
1087 3057 1134 3121 rei
1165 3046 1316 3121 definitur
1345 3061 1405 3137 per
1521 3031 1522 3084 l

248 3162 374 3234 tempus
407 3155 542 3220 alterius
575 3156 631 3221 rei.
675 3155 890 3236 Ubi-simplex
913 3156 994 3220 ratio
1017 3155 1171 3234 temporis
1195 3159 1333 3232 tenetur,
1356 3156 1404 3219 in-

245 3253 382 3316 dicativo
411 3253 600 3334 exprimitur
630 3254 790 3332 (Handius
818 3255 838 3317 l.
869 3272 895 3317 c.
931 3270 960 3332 p.
996 3257 1058 3317 314
1094 3258 1161 3332 sq).
1186 3248 1288 3316 Plaut.
1313 3254 1401 3317 Asin.

247 3350 287 3429 II,
310 3358 340 3430 4,
365 3356 420 3415 57:
445 3353 572 3412 Credam
595 3351 670 3427 fore,
693 3353 764 3412 dom
786 3355 903 3428 quidem
926 3355 957 3412 iu
979 3370 1068 3412 mauu
1092 3347 1156 3427 ips'e
1173 3353 1292 3414 habebo.
1317 3349 1356 3429 V,
1374 3354 1403 3429 2,
1520 3409 1521 3414 ,

249 3453 304 3512 2οε
330 3450 401 3534 dom
423 3451 540 3524 quidem
565 3469 630 3510 cum
654 3454 706 3511 illo
730 3458 824 3528 nupta
845 3452 912 3514 eris.
937 3447 1027 3529 (lapi.
1058 3469 1086 3513 v.
1119 3452 1190 3512 233.
1214 3447 1331 3511 Bacch.
1362 3447 1404 3525 Π,
1520 3443 1521 3511 i
