3036 4766
522 167 671 210 DOOTlilM
705 169 937 212 esnrloutnnntt.
1243 179 1303 240 361

148 359 324 420 Amandone
348 363 500 421 exorarier
524 368 554 422 te
576 364 621 422 ris
644 377 682 422 au
706 361 910 424 sarculando?
940 359 992 424 nl.
1015 363 1178 423 Enimuero
1194 370 1311 423 utrum·

148 472 215 530 qne.
261 451 352 535 Oapt.
374 454 435 536 111,
460 464 497 536 4,
521 461 578 521 95:
608 460 773 521 Enimuero
803 459 956 537 nonfuit,
984 477 1076 535 nugas
1104 461 1175 536 agit.
1219 457 1305 522 Trin.

149 548 204 628 IV,
230 555 257 620 2,
285 557 676 620 14521seatmoarosum.
721 573 750 619 v.
779 561 852 620 147:
881 560 1045 620 Enimuero
1074 575 1142 620 sero
1166 559 1307 633 quoniam

150 648 234 726 [bue]
259 652 390 727 advenis,
415 655 586 730 Vapulabis.

235 765 263 811 e.
308 747 410 830 Saepe
433 751 531 814 etiam
552 749 672 816 iactum
695 757 753 830 est,
776 756 815 816 ut
835 751 914 818 baec
938 750 1095 832 particula
1114 751 1250 816 ironiam
1273 757 1307 816 et

148 837 402 926 indignationem
425 851 458 912 et
479 849 622 927 quemvis
645 849 765 914 doloris
788 848 937 915 affectum
962 847 1305 930 designantibus.

148 939 240 1007 Cure.
265 943 303 1023 V,
328 949 357 1024 2,
385 950 436 1012 10:
461 951 625 1010 Enimuero
647 952 771 1012 irascor.
816 947 912 1013 Merc.
928 946 983 1026 IV,
1008 952 1036 1023 3,
1061 950 1115 1012 38:
1140 951 1218 1008 enim
1238 965 1311 1010 uero

148 1041 268 1103 haereo.
313 1042 408 1108 Poen.
432 1042 462 1123 I,
486 1048 521 1125 2,
544 1048 601 1110 83:
635 1050 812 1117 Enimvero,
833 1067 902 1116 ere,
930 1065 997 1108 meo
1020 1065 1066 1107 me
1089 1049 1213 1108 lacessis
1236 1047 1311 1108 ludo

148 1147 179 1198 et
202 1139 326 1203 delicias
350 1142 434 1206 lacis.
477 1141 565 1208 Pers.
588 1143 648 1223 ΙΙΙ,
674 1149 702 1224 l,
726 1149 782 1209 21:
809 1147 973 1209 Enimvero
995 1142 1132 1207 odiosa’s.
1178 1141 1306 1208 Terent.

148 1233 276 1301 Pherm.
302 1237 364 1316 111,
391 1244 423 1316 l,
451 1245 484 1305 l:
517 1244 612 1305 Enim
638 1245 721 1314 vcro,
748 1246 895 1324 Antipho,
929 1243 1110 1304 multimodis
1139 1259 1204 1302 cum
1227 1243 1309 1304 istoc.

147 1335 246 1397 animo
269 1353 302 1398 es
325 1341 545 1415 vituperandus.
767 1337 769 1342 ’

237 1437 286 1498 50.
332 1437 380 1501 De
405 1434 636 1517 significatione
666 1438 843 1519 particulae
869 1455 939 1498 aum
968 1437 1034 1502 sive
1063 1455 1191 1512 nomque
1220 1434 1310 1499 Han·

149 1530 221 1596 dius
245 1531 379 1598 Tursell.
402 1533 457 1613 IV,
481 1553 511 1615 p.
530 1541 546 1596 3
570 1533 650 1601 haec
664 1535 775 1604 habet:
799 1538 900 1615 „Num
914 1534 1013 1601 habet
1029 1535 1091 1599 virn
1108 1532 1305 1614 designandi.

149 1627 213 1694 Ubi
237 1629 320 1694 enim
343 1649 395 1696 res
419 1632 525 1713 aliqua
547 1633 730 1699 accuratius
752 1631 931 1701 definienda
953 1638 1012 1712 est,
1034 1631 1077 1712 id,
1101 1649 1164 1713 quo
1180 1649 1219 1696 ea
1234 1648 1310 1695 con·

148 1731 214 1791 stat
235 1731 292 1793 ant
321 1730 406 1809 quod
428 1730 459 1794 in
483 1748 520 1795 ea
543 1749 654 1795 verum
677 1741 739 1809 est,
771 1731 823 1797 vel
850 1731 913 1797 alia
941 1749 978 1796 rc
1005 1730 1056 1796 vel
1083 1729 1189 1808 aliquo
1208 1748 1308 1810 argu·

148 1831 257 1890 mento
281 1826 520 1894 demonstratur
541 1835 638 1909 atque
661 1827 873 1896 confirmatur.
926 1830 1008 1894 Sunt
1029 1846 1105 1894 vcro
1129 1829 1309 1892 sententiae

148 1941 207 2004 per
239 1943 310 1986 nom
340 1925 561 2010 adiungendus
589 1927 723 2009 triplicis
751 1928 896 2008 generis,
919 1927 1139 2012 expositionis.
1164 1943 1311 2006 compro·

150 2023 298 2092 bationis
322 2026 577 2090 asseverationis.
617 2026 825 2106 dispositione
840 2025 1047 2107 intelligimus
1063 2025 1166 2106 qualis
1182 2025 1224 2090 sit
1238 2041 1306 2090 res:

150 2122 410 2201 comprobatione
448 2124 682 2203 cognoscimus,
715 2126 801 2189 unde
837 2127 870 2188 et
908 2137 972 2204 qua
1003 2123 1126 2188 ratione
1164 2120 1221 2186 fiat
1252 2125 1309 2186 aut

146 2217 233 2284 iacta
255 2219 314 2284 sit:
337 2221 574 2286 asseveratione
597 2222 837 2287 demonstratur
859 2237 929 2286 earn
952 2239 1060 2286 veram
1084 2220 1185 2286 oase.“
1220 2220 1308 2285 Han·

147 2317 235 2385 diurn
259 2335 375 2398 sequar
398 2319 494 2384 etiam
517 2319 549 2383 in
572 2319 806 2385 distributione.

234 2435 262 2483 a.
308 2415 449 2481 Primum
476 2416 516 2483 de
543 2419 755 2498 expositione,
789 2435 852 2499 qua
885 2433 937 2482 res
972 2413 1079 2496 aliqua
1113 2417 1307 2483 declaratur.

148 2515 256 2593 Atque
279 2514 338 2580 hoc
361 2515 455 2580 modo
485 2521 542 2582 aut
563 2517 651 2580 notio
674 2517 781 2595 aliqua
803 2521 860 2581 aut
888 2531 940 2579 res
963 2511 1114 2579 definitur
1141 2521 1174 2578 et
1202 2515 1306 2596 qualis

148 2629 187 2677 aa
211 2613 253 2678 sit
275 2614 456 2680 distinctius
480 2615 726 2681 demonstratur.
772 2615 899 2680 Terent.
925 2614 982 2678 Ad.
1007 2611 1047 2693 Π,
1076 2620 1101 2692 l,
1126 2618 1180 2680 39:
1206 2617 1306 2690 Quid?

149 2714 252 2788 siege
276 2715 434 2774 tibiillam
459 2718 528 2776 nolo
552 2715 694 2785 vendere,
719 2716 815 2802 Coges
838 2711 909 2776 me?
947 2712 1011 2788 ΑΕ.
1036 2717 1178 2776 Miuume.
1213 2713 1303 2780 sin.

146 2811 286 2884 Namque
307 2811 338 2870 id
360 2814 461 2874 metui.
1081 2851 1085 2858 ι

198 2932 200 2940 ’
235 2907 263 2972 b.
309 2908 371 2974 Ubi
398 2909 540 2974 narratio
569 2908 620 2973 vel
650 2909 881 2976 demonstratio
914 2908 1048 2974 alicuius
1083 2910 1130 2974 rei
1161 2910 1306 2976 facienda

148 3010 207 3085 est,
230 3005 297 3071 sive
319 3007 496 3086 praemisso
519 3005 664 3087 prologis
688 3008 755 3074 sive
777 3025 841 3072 non
871 3008 1046 3088 praemisso
1068 3007 1180 3087 incipit
1202 3009 1305 3074 oratio

151 3103 192 3169 ab
214 3123 285 3164 nam
307 3105 358 3168 vel
371 3123 499 3180 nomque
516 3104 673 3184 eomodo,
696 3123 758 3186 quo
775 3105 855 3170 alias
869 3108 963 3181 igitar
979 3121 1178 3185 usurpamus.
1201 3105 1303 3170 Plaut.

146 3201 262 3282 Amph.
286 3202 367 3282 prol.
392 3221 419 3267 v.
446 3207 514 3267 120.
538 3202 635 3268 Poen.
659 3202 697 3283 V,
720 3211 751 3284 4,
768 3208 823 3268 95:
849 3223 933 3282 mage
957 3207 1007 3281 qui
1030 3205 1170 3280 credatis,
1196 3207 1303 3267 dicam:

146 3301 229 3361 Num
256 3305 356 3363 nutrix
385 3305 511 3378 primum
540 3313 642 3366 rostra
671 3321 716 3364 me
750 3308 897 3381 coguovit.
946 3304 1073 3370 Terent.
1098 3301 1194 3366 Andr.
1219 3303 1251 3374 Ι,
1279 3309 1304 3383 l,

149 3401 204 3462 24:
229 3401 302 3458 Rem
326 3417 441 3462 omnem
464 3419 482 3462 a
502 3403 652 3479 principio
676 3403 796 3462 audies:
820 3405 866 3466 Eo
890 3413 978 3480 pacto
1002 3410 1032 3464 et
1055 3404 1138 3478 gnati
1160 3405 1248 3464 uitam
1273 3411 1305 3465 et

147 3499 305 3559 eonsilium
328 3514 425 3560 meum
449 3501 636 3578 Cognosces,
671 3501 794 3576 etquid
823 3499 924 3564 iacere
951 3503 1060 3562 iubae
1087 3518 1120 3560 re
1152 3507 1181 3562 te
1205 3504 1303 3564 velim.

149 3595 231 3656 Num
254 3597 279 3658 is
302 3606 460 3672 postquam
483 3602 614 3660 excessit
637 3616 674 3658 ex
696 3599 821 3673 ephebis
844 3601 919 3662 cett.
943 3597 1060 3662 Heaut.
1085 3598 1164 3678 prol.
1192 3603 1238 3661 16.

229 3685 260 3757 c.
306 3693 512 3774 Usnrpantur
535 3695 567 3760 in
591 3693 854 3776 explicationibus
882 3695 980 3760 verba
1008 3715 1079 3757 nom
1099 3698 1191 3772 qaod,
1222 3715 1304 3778 quau

149 3790 191 3855 ad
213 3808 280 3856 rem
304 3790 511 3872 expositionis
535 3793 715 3873 perducunt
730 3798 788 3856 aut
802 3809 870 3856 rem
886 3791 1093 3860 refellendam
1117 3794 1302 3875 suscipiunt.

147 3887 278 3953 Terent.
302 3889 418 3954 fleant.
441 3890 521 3972 prol.
548 3895 600 3956 16:
623 3894 705 3953 Nom
720 3894 798 3966 qnod
818 3910 954 3954 rumores
970 3895 1151 3954 distulerunt
1173 3897 1304 3957 malivoli

148 3991 242 4066 cett,
265 3987 381 4066 quibus
404 3989 510 4054 verbis
532 3988 644 4070 incipit
664 3989 808 4055 defensio
830 3995 955 4069 poetae.

234 4083 271 4150 d:
309 4085 346 4148 In
369 4083 440 4150 aliis
464 4103 560 4152 causa
583 4092 616 4152 et
638 4087 722 4154 ratio
746 4105 804 4168 per
827 4086 1016 4166 particulam
1039 4107 1110 4148 nom
1133 4086 1304 4166 exponitur

149 4183 219 4248 eius
243 4181 299 4256 rei,
323 4199 406 4262 quae
430 4189 503 4248 ante
526 4185 693 4264 dioecesi,
716 4190 750 4248 et
771 4186 990 4250 demonstrato
1005 4191 1195 4265 argumento
1219 4201 1303 4249 com·
