3076 4762
229 148 292 216 114
656 133 784 184 VERBUU,
799 133 862 180 GAP,
875 135 924 175 xm.

226 333 329 393 aaron
356 330 510 403 apologus.
554 319 653 390 Stich.
683 341 712 388 v.
741 326 818 394 683:
850 325 926 397 vide,
950 325 1109 396 Gelasimo,
1140 325 1212 399 quid
1237 322 1393 398 caparae

227 427 343 488 consili.
370 441 400 488 v.
430 425 508 488 635:
529 417 623 500 {moen
653 428 686 483 ut
713 427 861 484 annonast
889 421 1009 499 gravis?
1040 441 1070 484 v.
1099 424 1179 485 636:
1211 421 1309 482 Viden
1335 423 1391 481 bs*

225 525 388 598 nignitates
410 523 560 588 hominnm
583 526 616 586 nl
631 519 751 594 periore
777 523 809 576 et
830 518 1038 592 prothumioo‘?
1061 535 1090 581 ν.
1115 521 1190 582 706;
1216 519 1291 580 Vido
1316 523 1391 593 quot

227 622 352 684 canthos
388 619 524 681 almam.
558 615 646 681 Tria.
681 613 725 693 ΙΙ,
760 616 789 690 2,
824 617 882 680 69:
923 619 985 678 sain
1028 617 1099 692 quid
1138 619 1257 678 cantari
1294 615 1391 704 salat?

225 714 287 792 ΙΙΙ,
305 719 333 793 3,
358 718 413 778 21;
436 717 529 779 edoce
554 731 631 788 enm,
654 715 699 774 uti
714 731 763 774 res
787 729 818 774 sa
842 713 937 774 habet.
959 710 1015 792 IV,
1039 716 1068 790 2,
1085 717 1120 776 5:
1143 712 1243 779 Viden
1266 721 1391 792 egestas

227 814 300 890 quid
326 815 427 888 negati
455 813 509 882 aot
534 813 645 874 homini
678 812 788 872 misera
821 809 921 873 malo?
949 808 1033 874 Tria.
1061 829 1089 876 v.
1113 815 1191 876 938:
1225 812 1292 878 Nisi
1318 812 1392 886 qnia

226 912 311 975 lubet
334 911 466 985 experiri
497 926 555 984 quo
577 911 751 976 commorunt
771 908 908 984 mulque.
931 903 1024 972 Taua.
1048 907 1074 985 Ι,
1097 911 1127 986 2,
1153 911 1208 972 16:
1231 909 1308 972 Nom
1331 911 1391 982 ipsi

226 1009 337 1084 vident,
361 1021 419 1085 qua
442 1009 520 1071 bona
542 1022 644 1074 earnm
667 1005 836 1078 noceamus
859 1007 927 1065 loci.
957 1003 1001 1084 ΙΙ,
1025 1009 1056 1083 2,
1080 1009 1115 1070 6:
1144 1010 1184 1066 At
1214 1004 1272 1080 (sic
1300 1007 1390 1072 recte

226 1101 332 1181 Both,
354 1120 428 1170 nam
451 1104 500 1182 Ap
524 1104 571 1175 ad,
602 1097 654 1180 Θρ
677 1108 738 1174 aut,
765 1097 851 1180 vulg.
881 1104 924 1172 id)
955 1107 1021 1168 uolo
1052 1106 1140 1178 scire,
1169 1105 1240 1178 qnid
1268 1103 1391 1166 aenean

226 1204 277 1264 luic
299 1203 354 1262 tibi
376 1211 498 1267 nostroe
523 1201 611 1266 domi.
633 1197 678 1277 ΙΙ,
701 1202 730 1276 3,
757 1200 812 1262 ].6;
834 1198 902 1261 vide
926 1207 959 1260 ut
979 1202 1037 1267 iam
1067 1203 1151 1275 quasi
1181 1204 1303 1266 volturii
1333 1204 1387 1264 tri·

184 1367 190 1376 ,
227 1301 285 1365 duo
319 1302 406 1365 Prius
435 1297 660 1374 praedivinant,
687 1315 745 1372 quo
774 1298 821 1362 dia
852 1300 933 1358 asuri
960 1299 1046 1362 sient.
1070 1298 1114 1375 ΙΙ,
1140 1303 1169 1375 5,
1196 1302 1249 1362 ll:
1274 1306 1390 1364 vosmet

223 1401 283 1460 iam
311 1398 418 1460 ddeois
448 1399 501 1460 Uti
528 1401 635 1478 ornato
658 1391 771 1458 incedo.
798 1391 857 1468 (sic
885 1391 988 1458 Goell.
1017 1394 1123 1474 Vulgo
1153 1400 1195 1459 at.
1220 1393 1389 1461 corrnatis

225 1493 396 1558 admodum
417 1493 541 1564 incauto
562 1495 613 1562 esc
635 1506 696 1556 see.
721 1507 759 1558 ea
782 1507 864 1568 quse
886 1489 1064 1570 disputavit
1085 1490 1280 1558 Ritschelius
1311 1511 1387 1572 pro-

227 1591 344 1671 legom.
367 1591 400 1664 ln
423 1588 509 1658 Tria·
532 1606 564 1668 p,
589 1585 795 1668 202).11,a,
823 1591 874 1653 18:
897 1587 974 1658 Vide
1004 1593 1070 1668 quis
1100 1591 1239 1664 oquitur.
1271 1608 1301 1652 v.
1331 1595 1388 1658 52:

226 1691 414 1762 Paenitetne,
438 1696 510 1761 quat
531 1688 572 1756 mi
596 1688 724 1751 ancillae
740 1691 811 1749 sual
829 1695 899 1752 lam:
923 1684 978 1765 IV,
1008 1692 1036 1763 3,
1073 1691 1124 1754 12:
1152 1706 1207 1763 ega
1237 1691 1388 1765 neuquid

221 1786 344 1863 peccavi
366 1787 436 1845 scia.
460 1782 517 1862 IV,
538 1787 568 1861 4,
592 1787 627 1846 9:
658 1785 725 1845 Scio
748 1792 898 1852 mecastor
926 1785 995 1860 quid
1021 1787 1066 1846 ao's
1080 1794 1127 1848 ¹ot
1143 1788 1223 1862 ,quid
1246 1786 1390 1860 poeula

226 1892 258 1946 at
273 1884 344 1959 qnid
362 1883 448 1956 pecie.
465 1881 515 1964 Ap
537 1882 591 1954 ais,
614 1879 647 1952 in
670 1879 786 1947 calens
809 1880 1035 1952 coniunctivae.
1071 1882 1209 1948 Boculus
1236 1883 1387 1950 restituit,

226 1978 424 2057 indicativus,
448 1977 503 2058 qni
524 1976 584 2044 sall
606 1979 710 2050 metro
729 1977 797 2057 apti
819 1982 904 2057 sunt,
935 1979 1030 2058 quad,
1058 1979 1087 2044 si
1115 1979 1275 2060 corrigere
1304 1980 1389 2052 vella

226 2081 309 2146 volas,
331 2075 392 2139 hac
414 2073 563 2154 quoniam
585 2073 838 2155 monosyllabum
862 2081 1019 2143 essenon
1040 2082 1158 2156 potest,
1181 2094 1294 2142 versus
1322 2095 1388 2146 nan

227 2177 360 2240 constet.
406 2171 522 2236 Caecil.
545 2169 627 2242 Stat.
650 2170 790 2241 Fallacia
812 2171 850 2236 lr.
882 2178 917 2236 1:
943 2177 1018 2239 Non
1055 2195 1142 2250 qaam
1169 2177 1295 2236 duriter
1324 2178 1386 2239 Vas

226 2274 364 2336 educauit
380 2261 477 2348 'atquo
507 2273 665 2347 asperiter,
693 2290 752 2340 oon
779 2279 878 2347 nepot.
925 2269 1052 2338 Terent.
1083 2271 1179 2338 Andr·
1218 2271 1243 2340 Ι,
1274 2277 1302 2350 Ι,
1331 2277 1384 2338 18:

228 2374 305 2448 Quin
329 2379 361 2431 tn
383 2388 442 2432 uno
465 2371 557 2430 verba
580 2370 638 2443 dic,
662 2369 734 2444 qnid
756 2370 899 2448 estquod
921 2387 968 2436 me
991 2372 1075 2432 valis.
1120 2368 1202 2436 Eun.
1226 2370 1251 2449 Ι,
1275 2375 1304 2447 2,
1331 2376 1386 2436 19;

226 2471 286 2530 Sed
314 2469 371 2528 huc
401 2483 460 2542 qua
485 2467 584 2541 procia
609 2471 639 2526 oe
669 2469 785 2532 occeani
813 2468 898 2539 iusso,
933 2469 1078 2530 ausculta.
1106 2465 1148 2546 ΙΙ,
1180 2472 1208 2538 3,
1231 2472 1290 2532 46:
1315 2472 1388 2535 Scin

227 2566 297 2644 qnid
321 2582 375 2647 ego
398 2571 428 2624 te
450 2561 604 2624 colebam?
626 2559 683 2640 IV,
706 2567 735 2640 7,
770 2567 823 2630 lo:
855 2566 950 2625 Viden
981 2572 1024 2638 tu,
1054 2596 1097 2611 -—
1127 2583 1213 2640 quom
1243 2568 1292 2630 hic
1321 2587 1387 2630 rem

226 2662 311 2740 apol?
333 2658 373 2736 V,
398 2665 427 2736 3,
452 2662 506 2722 10:
531 2660 616 2733 Vide,
638 2667 672 2720 ul
693 2660 806 2721 otiosus
828 2661 860 2721 o't.
884 2659 921 2734 V,
946 2663 975 2734 8,
997 2665 1030 2724 7:
1053 2665 1152 2724 Audin
1175 2671 1216 2737 lu,
1239 2666 1289 2728 hia
1314 2669 1387 2742 quid

226 2761 278 2820 alt.
323 2755 440 2822 Heaut.
464 2753 524 2833 ΠΙ,
542 2759 570 2834 l,
593 2758 651 2820 85:
674 2757 755 2830 Scin,
771 2759 842 2833 qnid
857 2776 936 2820 nunc
950 2759 1052 2824 locere
1068 2766 1099 2820 te
1114 2763 1201 2823 oola?
1217 2759 1271 2840 IV,
1288 2768 1314 2828 1.
1330 2769 1386 2829 36:

227 2859 292 2931 Qua
315 2855 372 2915 hac
395 2859 580 2929 acceptumst
601 2872 700 2929 conso,
724 2857 856 2930 loquere.
878 2853 1005 2923 Phorm.
1036 2856 1081 2932 ll,
1111 2863 1140 2936 1,
1169 2863 1222 2922 17:
1252 2863 1386 2926 incredi-

223 2956 325 3030 bilest,
348 2960 490 3029 qnantum
511 2970 596 3014 erum
618 2959 688 3017 ante
711 2969 743 3015 ea
766 2955 922 3028 sapientia.
946 2947 990 3023 ΙΙ,
1014 2959 1042 3031 3,
1073 2959 1127 3017 ll:
1157 2958 1224 3020 vids
1256 2963 1387 3023 ovantia

225 3052 297 3128 quid
318 3051 402 3124 facil.
425 3047 467 3128 ΙΙ,
491 3053 521 3128 3,
545 3053 603 3114 33;
628 3051 723 3123 Quem
743 3052 871 3115 ¹amicum
894 3056 976 3112 tuom
1004 3053 1050 3114 ais
1077 3050 1170 3119 luisse
1199 3057 1300 3131 istum,
1332 3077 1386 3122 ex·

223 3153 317 3226 plano
344 3149 426 3211 mihi.
451 3145 530 3211 Hec.
558 3144 583 3225 Ι,
615 3150 646 3224 2,
673 3149 711 3208 15
743 3163 806 3225 sq.:
833 3150 899 3208 Non
931 3149 989 3210 dici
1017 3157 1127 3224 polest,
1153 3153 1247 3226 Quam
1274 3159 1388 3231 cupida

224 3264 307 3308 eram
329 3246 386 3303 huc
408 3244 562 3307 redeundi.
585 3240 628 3320 11,
653 3246 680 3320 1,
704 3245 761 3306 26:
784 3248 826 3306 At
849 3245 925 3318 vida,
949 3263 1036 3322 quom
1057 3248 1198 3311 inmerito
1224 3255 1384 3329 aegritudo

224 3348 300 3405 haec
322 3341 419 3400 antor
441 3344 481 3404 mi
504 3343 557 3402 obs
581 3348 619 3406 te.
642 3338 702 3418 ΙΙΙ,
732 3345 761 3418 4,
793 3346 827 3406 3:
856 3345 922 3403 Nan
953 3379 995 3388 —-
1025 3345 1083 3408 dici
1113 3355 1214 3422 potest
1243 3351 1384 3428 Tantum,

226 3458 314 3519 quam
342 3456 374 3498 re
404 3441 471 3514 ipso
500 3439 640 3514 navigare
667 3439 919 3502 incommodumst.
947 3438 1008 3520 ΙΙΙ,
1040 3445 1068 3515 5,
1100 3447 1138 3506 21
1179 3461 1261 3524 sqq.:
1292 3449 1384 3526 idque

227 3541 254 3600 si
277 3553 354 3596 nanc
376 3552 542 3596 memorare
563 3536 612 3597 hic
634 3537 731 3610 velim,
757 3540 849 3610 Quam
874 3537 961 3599 fideli
975 3542 1073 3600 anima
1096 3549 1127 3602 et
1141 3544 1270 3620 benigno
1294 3548 1325 3606 iu
1349 3549 1385 3610 il·

224 3639 284 3696 lam
324 3639 354 3690 el
381 3633 520 3696 clamanti
552 3631 608 3703 fad,
637 3634 714 3694 Vere
753 3654 883 3710 passum.
918 3633 975 3710 IV,
997 3641 1027 3714 4,
1062 3641 1116 3704 24:
1148 3658 1264 3718 nequeo
1297 3647 1383 3720 sotis,

226 3733 320 3806 Quam
347 3730 404 3789 hoa
434 3731 506 3790 mihi
534 3729 652 3788 videaur
676 3729 789 3792 factum
815 3751 918 3808 prave,
948 3736 1094 3810 proloqui.
1123 3734 1163 3816 V,
1188 3743 1214 3808 l.
1238 3743 1293 3804 27:
1317 3747 1383 3804 scin

226 3829 295 3904 quid
327 3827 392 3886 valo
419 3829 520 3902 potius
549 3826 636 3887 sodes
664 3824 781 3891 socias?
808 3827 942 3910 Adelph.
969 3829 1012 3908 H,
1045 3835 1073 3910 Ι,
1101 3837 1159 3898 41:
1189 3838 1277 3898 Nunc
1301 3842 1381 3913 vide,

223 3933 322 3988 atrum
337 3923 391 3989 vis,
407 3930 567 3998 argentum
584 3926 720 4000 accipere
737 3947 774 3988 an
791 3947 926 3992 caussam
943 3931 1081 3992 meditari
1098 3939 1187 3998 tuom.
1203 3926 1259 4012 IV,
1277 3941 1306 4014 2,
1323 3941 1382 4002 20:

223 4023 290 4083 vide
312 4028 345 4080 ut
366 4020 483 4080 discidit
503 4022 629 4081 labrum.
651 4019 707 4092 IV,
729 4028 759 4104 5,
784 4027 818 4088 2:
841 4032 884 4099 ut,
908 4046 965 4102 qua
992 4030 1078 4090 mado
1106 4039 1175 4092 eata
1201 4034 1278 4096 haec
1301 4039 1381 4110 sual,

224 4121 310 4192 sciat,
333 4115 388 4195 IV,
413 4121 441 4195 5,
466 4121 522 4182 33:
547 4120 603 4192 Qui
626 4119 731 4182 infelix
744 4124 867 4184 hanania
890 4141 927 4184 an
950 4126 1034 4186 illam
1055 4129 1164 4190 misere
1188 4147 1266 4196 nunc
1290 4137 1383 4202 amal,
