3076 4762
248 148 307 212 108
688 141 816 182 vunnuu.
845 142 908 182 cuv.
922 139 971 183 xiv.

244 333 274 410 t,
300 335 332 394 1:
367 331 439 392 Viso
469 332 542 406 huo,
574 339 689 392 amator
716 332 744 392 st
772 348 790 390 a
816 326 882 392 foro
911 333 1001 392 rediit
1029 331 1155 391 domum.
1199 325 1267 392 Mil.
1290 326 1348 407 ΠΙ,
1376 333 1404 406 1,

248 431 287 492 18
310 443 372 507 sq:
408 427 461 490 Set
489 431 554 491 volo
585 431 662 490 scire
692 463 733 472 -
762 425 795 488 a·
822 431 952 503 audenus
974 447 1051 505 rem,
1081 425 1135 490 ubi
1164 425 1236 490 vide
1259 425 1403 490 Lindem.

246 523 344 589 Poeu.
369 522 408 603 V,
432 529 460 604 2,
488 529 546 590 103
577 536 639 604 sq.':
656 551 660 556 ·
678 527 883 588 Memoradum
911 527 998 600 mihi,
1029 524 1062 586 st
1089 525 1159 584 nont
1188 525 1265 586 forte
1289 529 1341 585 aut
1373 525 1403 585 sd

243 627 314 685 sunt
335 626 454 698 cognati
477 626 556 683 mihi:
601 619 688 687 Pera.
712 618 751 702 V,
776 625 805 702 2,
828 630 884 688 44:
914 626 981 686 vide
1005 641 1085 700 vero,
1113 623 1217 683 sttihi
1240 625 1314 683 satis
1332 623 1403 697 pu-

247 725 297 782 cet.
344 718 430 783 Trin.
454 717 514 799 111,
539 721 568 798 3,
592 723 646 784 20:
676 723 755 782 'Vide
782 723 887 784 sthoc
915 724 1017 782 utibile
1046 721 1139 796 magis
1170 727 1258 796 atque
1286 722 1316 779 iu
1339 737 1404 780 rem
1527 727 1528 757 l

246 817 378 892 deputas.
423 811 559 881 Terent
574 815 656 882 uun.
678 815 739 896 ΙΙΙ,
762 823 792 897 4,
817 823 851 883 7:
885 821 976 895 quue
1001 819 1076 879 adeo
1099 819 1206 893 visam,
1233 817 1260 878 se'
1286 818 1402 878 domist.

246 912 284 994 V,
310 918 338 993 1,
362 917 418 978 us:
458 895 534 992 Vide
569 905 690 996 amabo,
724 919 750 978 se'
782 919 976 993 non,'quom
1010 917 1154 991 aspicias,
1190 933 1223 974 os
1256 913 1403 990 inpudens

249 1011 380 1073 Videtur.
875 1017 878 1022 '
1285 1021 1292 1028 ’

334 1111 366 1183 3)
389 1108 494 1173 Etiam
523 1109 557 1174 in
586 1112 762 1186 sumptionis
789 1113 851 1185 ficti
882 1109 1103 1174 enunciatione
1132 1107 1285 1188 pmmurie
1308 1125 1404 1186 saepe

245 1197 437 1288 indicativus
458 1207 599 1286 ponitur,
632 1213 668 1272 ut
691 1213 826 1272 eventus
848 1213 998 1288 tanquam
1023 1212 1130 1272 certus
1153 1207 1193 1271 oh
1216 1204 1324 1271 oculos
1348 1222 1405 1284 po·

246 1310 357 1383 natur,
379 1303 419 1366 dc
442 1321 506 1383 qua
532 1323 567 1369 re
589 1305 661 1369 vide
684 1305 779 1369 etiam
802 1304 998 1368 Ellendtium
1025 1302 1197 1368 deformis
1220 1303 1404 1367 enunciata-

246 1419 316 1464 rum
347 1399 604 1466 conditionalium
632 1402 760 1483 linguae
788 1402 843 1466 let.
864 1421 895 1482 p.
920 1407 960 1465 50
985 1421 1031 1481 sq.
1077 1401 1128 1466 Sic
1156 1399 1260 1465 Plaut.
1286 1399 1403 1479 Amph.

246 1493 272 1575 Ι,
298 1503 325 1575 1,
352 1503 427 1562 180:
450 1503 518 1560 Non
542 1504 648 1577 edepol
672 1519 750 1562 nunc
773 1503 822 1562 ubi
844 1511 994 1562 terrarum
1018 1505 1071 1564 sim
1095 1503 1168 1568 scta,
1196 1501 1289 1574 siquis
1313 1503 1403 1572 repet.

246 1611 276 1658 v.
302 1587 380 1660 294}
418 1600 582 1672 Quadrigas
610 1601 637 1660 st
667 1619 743 1660 nunc
765 1599 927 1660 inscendas
954 1602 1033 1661 lovis
1061 1605 1158 1675 Atque
1190 1601 1258 1656 hinc
1289 1597 1401 1672 funins,

248 1697 291 1754 ita
314 1695 362 1754 vix
379 1695 492 1768 poteris
514 1697 653 1772 eofugere
676 1697 881 1757 infortunium.
925 1695 967 1773 ΙΙ,
985 1699 1013 1772 2,
1031 1701 1086 1760 43:
1110 1699 1206 1770 Magis
1230 1713 1307 1754 nuno
1330 1691 1403 1771 [me]

249 1807 345 1852 meum
369 1792 498 1853 officium
520 1793 630 1867 facere,
653 1795 680 1855 se'
702 1796 772 1853 huic
794 1805 858 1854 earn
881 1797 1048 1872 advorsum,
1073 1795 1212 1854 arbitror.
1257 1791 1344 1854 Asin.
1362 1789 1405 1869 ΙΙ,

244 1882 278 1966 A,
301 1891 322 1952 8
346 1905 408 1968 sq:
443 1889 478 1950 St
500 1893 617 1966 quidem
648 1894 748 1952 hercle
778 1911 855 1952 nuno
879 1910 1022 1976 summum
1046 1895 1144 1953 Iovem
1169 1901 1198 1950 te
1223 1891 1306 1950 ducas
1328 1891 1404 1949 deti·

247 1989 348 2048 nuisse
377 1991 474 2063 Atque
503 1992 529 2048 is
560 2000 681 2062 praetor
709 1991 819 2066 canet,
853 1993 960 2050 melum
989 2009 1051 2050 rem
1080 1989 1207 2062 ecsuptes
1237 2005 1404 2063 numquam.

249 2082 320 2150 Aul.
344 2081 387 2162 ΙΙ,
410 2087 439 2161 2,
464 2089 517 2148 76;
541 2104 635 2162 neque
658 2089 686 2146 su‘
708 2087 833 2160 aptam,
857 2075 979 2162 copiast.
1019 2085 1109 2165 Capi.
1132 2083 1174 2156 ΙΙ,
1201 2091 1227 2163 1,
1251 2089 1304 2148 26:
1329 2087 1405 2145 Nam

248 2183 309 2243 doli
333 2201 391 2242 nou
415 2183 475 2244 doli
491 2171 580 2258 sunt,
610 2185 670 2244 nist
693 2193 759 2244 astu
783 2187 874 2261 colos,
906 2187 959 2245 Set
981 2188 1089 2244 malum
1112 2201 1294 2257 maxumum,
1324 2184 1351 2242 si
1374 2183 1404 2242 id

246 2277 345 2364 palam
369 2269 522 2355 prosena,
553 2298 647 2360 quem
675 2279 788 2345 locum'
806 2280 899 2345 affert
922 2278 1067 2344 Hendius
1089 2281 1122 2343 iu
1144 2277 1323 2344 Tursellino
1347 2277 1403 2356 IV,

246 2395 275 2455 p.
301 2380 372 2440 224.
418 2375 510 2442 Oura.
535 2377 594 2456 ΙΙΙ,
619 2383 658 2442 79
682 2396 763 2458 sqq:
789 2382 865 2454 Quia
888 2383 965 2440 enim
989 2382 1019 2438 iu
1043 2387 1134 2439 cavea
1155 2380 1182 2439 st
1204 2379 1303 2451 forent
1321 2378 1403 2438 Ouu-

247 2463 339 2536 clussi
367 2474 437 2551 [illi]
462 2477 565 2538 itidem
596 2483 629 2536 ut
652 2481 725 2550 pulli
749 2476 920 2552 gallinacei,
952 2479 998 2536 Ita
1022 2494 1080 2536 non
1097 2481 1221 2550 potuere
1245 2495 1302 2535 uno
1325 2493 1403 2534 anno

247 2575 442 2632 circumirier.
488 2569 564 2634 Cist.
589 2571 614 2650 Ι,
643 2579 671 2643 3,
694 2579 729 2635 4:
767 2576 851 2648 Quod
879 2577 906 2636 st
932 2574 1085 2648 tacuisset,
1111 2581 1210 2634 tamen
1234 2576 1299 2649 Ego
1322 2587 1405 2632 eram

246 2671 390 2747 dicturus,
412 2671 496 2743 deus,
521 2672 575 2745 qui
592 2678 726 2746 poteram
750 2675 876 2747 planius.
912 2670 1004 2750 Epid.
1027 2669 1065 2747 V,
1093 2675 1117 2748 1,
1142 2673 1177 2733 4:
1209 2669 1243 2730 Sd
1265 2670 1404 2730 undecim

250 2770 321 2828 deos
344 2774 466 2842 praeter
489 2785 557 2826 sese
569 2787 680 2828 ¹secum
704 2768 835 2830 adducat
854 2773 998 2845 luppiter,
1022 2772 1069 2828 lta
1087 2757 1150 2830 ,non
1166 2787 1268 2829 omnes
1285 2787 1321 2827 ex
1338 2785 1404 2828 cru·
1527 2773 1528 2780 ’

248 2866 326 2924 ciatu
351 2867 496 2938 poterunt
522 2868 651 2927 eximere
676 2869 843 2959 Epidicum.
889 2866 1002 2930 Bacch.
1026 2866 1056 2942 Ι,
1082 2870 1115 2945 2,
1140 2870 1194 2929 20:
1226 2866 1282 2939 Qui
1304 2867 1332 2926 si
1354 2865 1404 2925 de·

248 2980 312 3022 cem
335 2963 446 3022 trabeas
467 2964 597 3039 linguas,
626 2972 737 3026 mutum
765 2983 830 3026 esse
855 2963 981 3025 addecet.
1027 2963 1082 3042 IV,
1106 2969 1136 3034 9,
1159 2968 1200 3026 80
1225 2966 1267 3041 (v.
1295 2963 1403 3036 1004):
1527 2929 1528 2962 v

169 3113 176 3128 ,
247 3061 401 3142 Namego
425 3079 482 3120 oon
508 3062 625 3123 marrus
646 3069 721 3132 sum,
748 3065 899 3124 dtuhens
922 3081 1066 3124 maxume.
1112 3081 1141 3124 v.
1170 3065 1244 3124 122:
1279 3061 1314 3120 st
1337 3063 1404 3137 plus

241 3159 433 3231 perdundum
455 3159 503 3236 sit,
528 3163 641 3234 perisse
666 3164 759 3225 satius
783 3165 833 3239 est.
878 3159 994 3222 Bacch.
1018 3179 1047 3224 v.
1075 3165 1172 3224 1172:
1195 3162 1234 3220 lvi
1257 3161 1347 3220 abeas
1363 3189 1405 3200 -

247 3258 334 3315 dubo.
367 3253 455 3316 Men.
479 3255 518 3334 V,
544 3261 571 3333 2,
595 3261 632 3322 8:
657 3262 737 3333 Quas
760 3261 787 3319 sc'
809 3261 865 3318 iam
891 3264 1040 3320 eumaem
1063 3263 1166 3332 omnia,
1190 3261 1277 3318 nimis
1300 3260 1405 3332 longus

249 3357 382 3413 sermost.
413 3349 510 3416 Mero.
535 3354 577 3432 ΙΙ,
602 3361 630 3431 3,
654 3361 708 3438 94:
732 3360 772 3417 At
788 3375 843 3432 ego
865 3358 891 3417 st
912 3359 1008 3425 uelim,
1031 3361 1088 3418 iam
1104 3357 1223 3417 dantur
1239 3362 1355 3430 septem
1375 3362 1406 3412 et

249 3453 356 3524 maioli
379 3453 486 3510 minae.
532 3449 591 3529 lv,
611 3457 639 3532 2,
666 3459 680 3516 1
706 3470 790 3534 sqq:

400 3550 546 3609 Parumne
570 3552 626 3612 hoc
642 3553 693 3612 'est
714 3556 809 3614 malae
829 3557 877 3614 rei
901 3556 978 3630 quod
1002 3559 1082 3614 amat
1106 3553 1266 3626 Demipho,

398 3646 442 3705 Nc?
465 3658 654 3724 sumptuosus
678 3653 801 3724 iusuper
823 3655 913 3712 etiam
936 3653 1009 3726 sict?

402 3747 515 3806 Decem
538 3747 565 3806 st
587 3748 625 3806 ad
648 3765 752 3807 cetram
775 3767 903 3810 summos
925 3751 1084 3810 recitasset
1105 3753 1194 3822 virus,

400 3844 530 3903 Nimium
552 3846 711 3916 opsonautt.
750 3923 755 3928 Ι
1527 3869 1528 3922 j

246 3937 362 4004 Pseud.
385 3937 412 4015 I,
435 3946 464 4019 3,
485 3945 542 4005 ul:
576 3944 676 4017 Atque
702 3945 791 4018 adeo„
817 3945 846 4005 st
865 3945 969 4006 tacere
987 3945 1115 4018 pnsum,
1142 3944 1241 4017 pietas
1259 3941 1405 4016 nonan

245 4035 344 4101 :Poem
365 4035 428 4116 lli,
449 4047 481 4116 A,
508 4043 561 4103 19:
585 4039 620 4099 81
635 4041 759 4114 putem,
779 4053 841 4101 nou
860 4043 1001 4124 resudet.
1047 4040 1102 4118 1V,
1126 4043 1155 4120 2,
1181 4043 1221 4102 98
1245 4055 1311 4117 sq:
1341 4057 1407 4100 uum
1527 4033 1528 4068 ²

247 4137 306 4195 huc
337 4138 363 4196 sd
391 4147 460 4198 aute
491 4141 575 4199 aedis
609 4156 751 4208 seuocem,
787 4141 926 4214 Quaeque
957 4143 1111 4201 audivistis
1142 4139 1245 4212 modo,
1282 4155 1359 4198 nunc
1379 4136 1408 4196 st‘
1527 4147 1528 4196 l
