3048 4770
497 129 604 173 ununc.
629 133 906 183 innonaoonmvnn..
1215 155 1280 216 239
1369 137 1371 144 ¹

118 301 182 385 ΙΙΙ,
207 312 240 386 6,
265 314 323 374 25:
352 335 473 392 possum
498 325 575 385 scire
606 343 662 406 ego
684 329 763 390 istuc
786 347 823 390 ex
845 337 874 391 tc
898 333 968 407 quid
991 334 1142 409 negotist?
1186 335 1224 415 V,
1247 341 1277 414 4,

119 406 174 467 17:
212 408 285 470 Feci
320 429 375 488 ego
404 417 500 480 istaec
530 422 624 497 dicta,
669 443 744 501 quae
779 447 829 489 vos
867 429 988 491 dicitis?
1026 429 1081 506 (h.
1116 449 1142 498 e
1177 433 1277 514 quid?

114 515 172 564 vos
206 519 257 567 me
291 505 352 574 hoc
386 507 502 579 fecisse
538 517 670 586 dicitis?
714 520 755 600 lot)
791 521 873 603 bitte
912 525 970 588 bod
1006 525 1151 607 petioni)
1197 529 1274 596 Uist.

112 595 163 676 Π,
188 605 222 679 1,
251 607 301 666 16:
335 609 382 670 Eo
412 611 550 691 iaceto’s,
585 624 655 695 quia
682 624 736 682 tibi
766 625 854 684 aliast
884 643 993 700 sponsa
1020 630 1155 704 locuples
1185 631 1272 690 Lem-

111 697 183 758 nia?
225 717 253 764 v.
286 706 342 770 24:
374 710 536 774 Periurare
565 733 612 778 me
643 721 783 794 patiere?
828 725 861 798 3,
886 725 919 784 5:
948 725 1046 802 illam,
1075 743 1151 800 quae
1174 745 1271 789 meam

110 795 237 858 Gnatam
261 807 449 868 sustulerat?
492 825 522 876 v.
547 815 604 877 69:
628 818 685 877 iam
711 818 792 878 scis?
836 817 895 894 111,
919 837 947 882 v.
975 825 1026 884 16:
1050 825 1127 902 Hau,
1150 827 1271 886 voluisti

108 891 187 952 istnc
211 913 345 962 severum
367 903 492 968 iacere?
535 907 628 989 epid.
651 911 682 991 Ι,
709 919 740 992 l,
764 921 800 975 7:
829 919 905 991 Quid
933 919 989 978 tui
1023 923 1085 996 agis
1113 929 1146 984 ut
1173 923 1269 985 relisi

107 1001 135 1050 v.
164 991 220 1053 18:
250 997 328 1069 Quid
355 1004 439 1064 stills
469 1015 572 1068 noster
606 1009 707 1071 lilius?
733 1014 834 1074 valet?
877 1031 905 1078 v.
931 1019 984 1079 23:
1015 1019 1077 1078 Iam
1105 1025 1137 1078 tu
1168 1028 1267 1082 autem

105 1088 192 1150 nobis
225 1103 398 1167 praeturam
433 1107 532 1178 geris?
576 1105 641 1186 III,
665 1113 698 1180 3,
727 1114 781 1174 2οι
817 1115 878 1176 Iam
907 1114 1031 1174 tencsi·
1056 1114 1113 1193 IV,
1145 1121 1179 1191 2,
1210 1122 1266 1183 ll:

106 1184 204 1256 Quid?
240 1208 294 1267 ego
318 1197 496 1262 lenocinium
525 1203 626 1266 lucio?
669 1203 707 1286 V,
736 1213 767 1288 l,
791 1213 848 1273 36:
878 1213 955 1286 Quid
976 1219 1065 1287 pater
1093 1216 1199 1276 meus?
1221 1221 1263 1277 vi-

103 1285 190 1344 vost?
234 1305 263 1351 v.
285 1295 343 1356 43:
368 1297 466 1370 Quid?
489 1318 544 1376 ego
568 1305 654 1366 modo
678 1307 746 1368 huie
770 1307 866 1370 frater
881 1310 977 1370 factus
994 1329 1067 1388 sum,
1092 1315 1158 1372 dum
1182 1316 1263 1376 intro

101 1395 137 1439 eo
162 1390 252 1459 atque
279 1393 377 1452 exeo?
404 1390 450 1474 (in
479 1398 567 1462 cedd.
597 1399 675 1465 Pell.
702 1423 768 1466 eam
795 1405 900 1485 deest,
929 1405 1055 1471 addidit·
1080 1407 1202 1474 Parcus
1229 1412 1262 1476 in

100 1474 149 1540 ed·
174 1485 260 1558 ⁸0⁰6·
307 1487 344 1559 V,
369 1497 396 1567 2,
421 1497 477 1557 36:
507 1499 601 1572 Quam
632 1511 722 1578 negat
746 1507 863 1565 novisse
885 1507 1005 1567 mater?
1037 1509 1097 1580 ieet
1119 1507 1260 1589 elliptice

100 1571 221 1642 dictum
244 1599 317 1661 pro:
350 1585 398 1652 Tu
421 1609 471 1656 me
492 1593 609 1675 pignus
632 1596 709 1663 dare
731 1599 875 1678 postulas
897 1617 954 1681 pro
984 1620 1036 1679 eo,
1067 1605 1152 1683 quod
1180 1606 1259 1672 dicis

101 1688 170 1736 eam
195 1693 266 1744 esse
288 1679 383 1749 filiam
407 1705 520 1772 meam,
544 1709 638 1772 quam
661 1701 760 1777 neget
782 1715 816 1764 se
839 1699 966 1764 novisse
988 1701 1128 1783 meteri)
1158 1721 1187 1768 v.
1203 1709 1258 1770 61:

99 1770 177 1843 Quid
209 1777 317 1843 deinde
339 1790 456 1860 porro?
498 1789 562 1856 PE.
593 1796 787 1858 Libertatem.
832 1796 896 1861 ΕΡ.
927 1805 969 1861 At
996 1800 1136 1876 posteat,
1155 1801 1198 1878 (h.
1227 1822 1254 1868 e.

96 1867 171 1944 quid
196 1881 309 1952 posteo
332 1884 409 1948 mihi
432 1887 536 1967 daei).
581 1889 697 1956 Beoch.
714 1891 739 1963 Ι,
765 1900 794 1974 2,
819 1900 873 1958 37:
895 1899 939 1957 Tu
963 1901 1087 1959 amicam
1108 1901 1255 1964 habebis?

95 1959 159 2041 (cst
180 1970 390 2057 admirantis).
436 1983 479 2065 ΙΙ,
503 1991 534 2066 2,
557 1992 614 2053 38:
645 1994 698 2053 Set
721 1995 849 2054 Bacchis
872 1997 963 2058 etiam
993 1997 1080 2058 sortis
1109 2001 1165 2060 tibi
1194 2003 1252 2062 vis·

94 2065 179 2129 sest?
222 2071 338 2142 Bacch.
369 2097 398 2145 v.
428 2087 506 2149 274:
542 2089 643 2149 Etiam
671 2093 741 2166 quid
773 2089 815 2166 (h.
848 2109 876 2155 e.
905 2092 1036 2172 aliquid)
1064 2097 1179 2170 porro?
1223 2117 1252 2160 v.

93 2162 168 2228 624:
199 2173 350 2239 Credibile
381 2183 438 2243 boc
469 2183 699 2262 [quoipiamst]i
742 2186 798 2259 IV,
821 2195 858 2258 4,
882 2193 940 2252 67:
968 2194 1136 2254 Pistoclero
1167 2198 1250 2256 nulla

98 2267 244 2332 amicast?
287 2272 329 2354 ΙΙ,
354 2282 382 2356 3,
407 2282 466 2343 87:
490 2285 589 2344 Etiam
614 2286 767 2347 dimidium
790 2290 917 2350 censes?
961 2287 1158 2367 1V‚e,1e:
1191 2311 1255 2353 sce·

97 2365 191 2430 lestos
215 2373 270 2432 tibi
293 2375 412 2438 videtur
435 2379 619 2444 Obrusalusi
662 2401 691 2447 v.
718 2385 772 2447 32:
801 2387 853 2445 Vis
877 2387 931 2446 tibi
954 2387 1098 2448 ducentos
1122 2407 1256 2462 nummos

97 2465 155 2524 iam
182 2473 355 2564 promittier
375 2475 442 2539 -1
485 2495 514 2540 v.
539 2484 589 2544 34.
628 2497 656 2541 u.
683 2484 738 2545 62:
771 2485 867 2544 Hodie
897 2487 1012 2559 exigam
1044 2503 1146 2548 aurum
1174 2486 1255 2548 hoo?

96 2559 189 2628 Most.
220 2583 249 2629 v.
274 2573 350 2635 553:
386 2575 486 2637 Etiam
515 2578 627 2642 letetur
654 2583 691 2642 de
725 2581 867 2657 hospite?
910 2581 975 2650 ΙΙΙ,
1001 2587 1034 2662 l,
1066 2587 1140 2649 138:
1176 2588 1253 2661 Quid

95 2662 205 2738 igitur?
227 2669 284 2730 iam
308 2673 524 2737 commentu'sl
568 2680 597 2756 2,
622 2681 679 2742 62:
702 2681 765 2741 lam
788 2682 824 2740 de
847 2682 913 2743 istis
936 2686 1026 2744 rebus
1059 2685 1130 2759 quid
1160 2687 1255 2747 sensit

96 2764 209 2828 senex?
258 2783 287 2830 v,
320 2772 393 2832 150:
421 2775 484 2833 Iam
511 2776 617 2837 vides?
660 2775 721 2855 IV,
745 2781 781 2855 2,
806 2779 860 2842 61:
891 2781 990 2854 Quid?
1022 2782 1048 2842 is
1077 2783 1132 2842 bas
1166 2783 1250 2845 aedis

95 2861 165 2920 emit
194 2869 378 2938 proxumas?
422 2885 450 2934 v,
482 2875 531 2935 62.
564 2873 600 2949 V,
626 2880 652 2950 l,
678 2877 734 2937 56:
758 2877 861 2938 vides?
906 2879 941 2953 2,
966 2881 1024 2941 46:
1053 2881 1164 2940 Tamen
1194 2881 1253 2942 etsi

92 2961 210 3032 pudet?
233 2962 298 3034 (int.
322 2983 398 3030 num
421 2969 608 3036 verberibus
632 2971 756 3052 caedar,
780 2973 950 3038 tamenetsi
972 2973 1119 3055 pudetli.
1164 2974 1249 3040 Men.

92 3052 133 3134 II,
158 3063 187 3137 3,
212 3064 268 3124 63:
291 3065 390 3126 Etiam
414 3071 578 3143 parasitum
599 3071 727 3133 menes?
770 3070 831 3151 ΙΙΙ,
855 3076 884 3149 3,
910 3077 963 3135 lo:
993 3075 1097 3133 Dicam
1121 3076 1252 3134 curare?

30 3159 33 3166 '
91 3151 144 3234 IV,
168 3161 203 3238 2,
227 3164 283 3225 41:
323 3165 496 3228 Clanculum
525 3179 554 3228 te
585 3171 681 3230 istaec
709 3171 822 3246 flagitia
845 3171 947 3232 lacere
970 3172 1115 3232 censebas
1146 3172 1252 3246 potis?

89 3249 127 3331 V,
151 3259 187 3334 5,
212 3261 262 3322 24.
287 3264 323 3339 9,
346 3267 398 3327 49.
423 3268 472 3327 63.
496 3268 536 3329 93
560 3283 605 3347 sq.
633 3265 758 3347 Mill,
785 3273 817 3350 1,
841 3271 898 3333 38:
928 3270 973 3331 vis
997 3267 1125 3344 rogare?
1153 3264 1196 3348 (b.
1222 3285 1248 3332 e.

88 3351 222 3418 militem
244 3359 445 3425 conscribere
467 3381 529 3428 sec.
547 3363 671 3445 Βοιὼ).
716 3365 781 3446 ΙΙΙ,
807 3373 839 3445 l,
864 3371 920 3431 33:
949 3369 1022 3428 Tam
1050 3369 1104 3428 tibi
1128 3385 1182 3442 08⁰
1205 3371 1249 3428 vi·

77 3449 162 3515 ¹deor
191 3459 302 3532 oppido
331 3463 569 3527 Acherunticus?
616 3466 650 3543 2,
684 3469 737 3529 l6:
773 3467 951 3541 Prompsisti
978 3470 1011 3528 tu
1043 3466 1088 3526 illi
1123 3466 1250 3526 viuum?

88 3545 142 3627 IV,
167 3557 195 3631 2,
221 3559 278 3620 52:
302 3561 398 3634 Heus,
426 3563 542 3636 dignior
565 3563 622 3624 fuit
645 3567 800 3640 quisquam
823 3565 911 3624 bomo
939 3566 990 3639 qui
1017 3564 1121 3624 esset?
1166 3566 1195 3638 6,
1217 3570 1248 3626 4.

87 3649 189 3724 319:
224 3655 373 3730 Opsecro,
403 3660 475 3719 licet
498 3663 649 3736 conplecti
677 3664 761 3737 prius
789 3679 875 3737 quam
906 3661 1089 3736 proficiscu?
1135 3659 1170 3738 V,
1195 3663 1245 3724 35.

86 3741 239 3832 Mercu,
264 3756 292 3828 2,
319 3758 389 3819 109.
434 3754 499 3832 111,
525 3761 556 3833 3,
582 3763 609 3823 2.
633 3764 671 3834 4,
696 3763 747 3822 ee.
773 3761 822 3823 ee.
847 3761 897 3822 ue.
920 3755 977 3836 lv,
1003 3762 1035 3833 3,
1066 3763 1124 3822 ae:
1155 3761 1246 3820 eoam

85 3848 128 3907 vis
151 3869 258 3912 nomeu
284 3853 399 3914 dicem?
444 3861 479 3930 5,
503 3859 532 3920 8.
559 3862 608 3920 14.
631 3855 669 3936 V,
697 3860 731 3935 2,
754 3859 804 3920 42.
836 3860 886 3920 55.
911 3873 937 3919 v.
966 3860 1043 3919 107:
1072 3857 1158 3933 qnid,
1192 3873 1246 3932 pa·

84 3955 186 4008 rentes
217 3951 277 4010 mei
307 3953 427 4024 velent?
470 3951 586 4017 Pseud.
615 3953 646 4027 1,
673 3961 699 4032 l,
723 3957 777 4018 63:
814 3960 862 4015 set
886 3962 974 4030 potes
1003 3973 1081 4015 nunc
1112 3961 1244 4014 mutuam

84 4041 285 4108 Drocbumam
313 4049 384 4109 mibi
411 4069 498 4112 uuam
531 4055 616 4129 dare,
648 4071 735 4129 quam
765 4069 833 4114 oras
863 4053 986 4113 reddem
1009 4052 1086 4113 tibi?
1132 4054 1160 4128 3,
1185 4053 1245 4112 60:

85 4139 193 4203 Omnes
220 4143 381 4223 [homines]
412 4151 466 4211 tibi
496 4157 598 4227 patros
624 4151 716 4214 sunt?
743 4151 842 4211 nullus
872 4157 920 4210 est
950 4152 1005 4210 tibi
1035 4167 1121 4225 quem
1150 4163 1239 4222 roges
