3076 4762
331 135 371 175 ult
386 136 485 178 ironis.
498 161 523 170 -
537 141 594 181 rui).
611 139 641 182 IN
656 141 763 184 ENUNO.
779 141 1054 187 counitionanlssus.
1226 154 1287 216 105

133 321 319 398 supplicium
349 327 386 389 ad
415 333 445 389 te
469 330 545 391 hanc
568 333 753 406 mnamifero
776 336 851 411 curi,
880 335 1000 395 etmihi
1023 335 1111 398 rietes.
1144 333 1284 412 spiceil)

131 415 194 483 Pro
226 423 448 490 enunciatione
478 427 638 506 sumptivu
664 439 724 509 per
751 432 778 493 st
808 429 894 496 elata
923 429 986 495 alia
1009 431 1198 512 enuntiatio,
1230 431 1288 500 sed

130 517 207 583 item
238 517 471 601 significatione
502 525 661 608 sumptim
689 527 797 607 posita
828 531 877 592 est
906 525 972 594 Mil.
1004 525 1064 606 ΙΙΙ,
1095 535 1123 610 2,
1155 533 1194 596 38
1226 548 1287 610 sc:

131 619 197 679 Nun
221 619 323 681 hercle
346 625 407 682 tani
429 623 498 683 istic
520 625 617 685 valide
641 627 798 688 cassabant
819 629 895 689 cadi.
941 627 992 688 Set
1015 630 1050 688 ta
1071 629 1145 692 cotta
1167 633 1287 705 paulum

131 720 222 780 luculi
245 723 313 778 eret
332 721 419 780 nimis
442 723 558 782 lubrici.

216 814 254 878 Ιιι
285 815 507 882 enunciatione
536 817 689 898 primaria
716 824 766 884 est
789 819 1009 886 coniunctivus
1031 819 1216 902 potentialis
1238 821 1289 887 his

132 910 219 978 lueis.
263 911 367 976 Picti.
391 911 488 980 Mera.
512 913 555 992 11,
581 917 610 995 3,
636 919 689 980 li:
722 921 809 980 Nune
836 921 863 980 si
889 919 954 979 auo
980 928 1013 981 nt
1036 939 1084 982 res
1107 929 1167 996 est,
1199 930 1288 998 atque

131 1014 213 1073 illam
246 1013 317 1072 mihi
349 1027 395 1072 me
423 1013 540 1076 Emissa
569 1013 680 1084 tostico,
716 1034 801 1092 quem
829 1018 867 1076 ad
898 1019 1013 1077 modum
1040 1017 1195 1080 existumet
1222 1017 1289 1080 mei

133 1115 230 1188 Atque
254 1112 337 1172 ssiam
361 1111 529 1179 abstrahat,
560 1119 749 1175 transmare
773 1116 842 1174 hinc
861 1133 967 1176 venum
991 1119 1127 1190 asportet.
1172 1113 1288 1180 Pseud.

131 1207 156 1290 Ι,
181 1215 209 1287 3,
235 1213 290 1272 tu:
325 1205 524 1298 Sikomabaa
553 1211 703 1274 taceaires
729 1220 870 1273 mutuom.
915 1209 1008 1276 Trite.
1032 1209 1087 1289 iv,
1112 1215 1141 1291 2,
1166 1217 1220 1278 35:
1255 1213 1289 1284 Si

131 1310 249 1373 octabas
271 1307 457 1384 participari,
481 1308 619 1380 auferres
642 1311 793 1370 dimidium
816 1309 932 1371 domum
962 1305 1001 1387 (ic
1027 1306 1128 1388 uiuat
1150 1309 1188 1373 bu
1213 1323 1288 1394 ictu·

133 1408 234 1487 tregru
257 1400 371 1483 loten).
418 1401 662 1469 Coniunctivum
687 1423 757 1470 cum
780 1405 950 1470 indicativo
966 1406 998 1470 in
1015 1407 1194 1487 sumptione
1209 1404 1289 1472 ‘con-

131 1503 273 1570 iunctum
296 1503 420 1581 reperis
442 1501 569 1566 Terent.
592 1502 719 1568 Phorm.
741 1501 780 1574 V,
804 1509 833 1582 4,
858 1507 892 1568 6:
932 1507 1010 1580 Quin
1036 1507 1063 1567 st
1085 1507 1141 1567 hcc
1169 1508 1287 1580 cautor,

132 1608 161 1665 in
184 1609 274 1675 metu,
297 1602 347 1661 siu
364 1603 478 1679 poterit,
503 1605 534 1663 in
556 1605 667 1678 probro
689 1605 752 1664 sim.
798 1600 850 1666 sie
873 1601 1018 1681 loquitur
1039 1601 1188 1682 Antipho,
1212 1617 1291 1682 quo·

134 1701 217 1764 niam
240 1697 270 1762 ei
293 1696 484 1777 patefactum
508 1715 603 1778 quarn
628 1701 821 1763 occultatum
846 1698 884 1762 iri
899 1699 1042 1764 fraudem
1064 1697 1289 1764 verisimililins

134 1803 192 1862 est.
237 1795 463 1877 Imperfectum
492 1796 682 1862 coniunctivi
711 1797 821 1861 estin
849 1798 982 1877 spatiosi
1005 1795 1111 1862 Pleut.
1134 1797 1210 1862 Cist.
1234 1797 1289 1876 lv,

134 1901 163 1975 2,
189 1900 243 1960 15:
278 1899 352 1957 Nem
380 1898 408 1957 ετ·
437 1914 523 1957 nemu
548 1897 708 1969 praeteriit
737 1897 805 1966 hec,
835 1904 992 1973 postquam
1028 1900 1108 1957 intro
1145 1899 1205 1959 abii
1232 1896 1291 1972 (sic

134 1993 331 2058 Fleckeisen.
355 1993 388 2056 in
410 1990 513 2056 Iahnii
536 1990 639 2058 annul.
666 1993 758 2071 1851,
781 1992 841 2055 vol.
866 1995 915 2070 61,
940 1997 1016 2056 sect.
1044 1999 1070 2073 l,
1093 2011 1122 2074 p.
1148 1995 1212 2074 25),
1242 1995 1290 2056 ci-

134 2095 223 2156 stella
246 2093 294 2152 hic
317 2093 429 2153 iaceret
449 2093 575 2168 (versus
597 2095 671 2155 sunt
694 2089 879 2156 bacchiacil.
931 2165 933 2168 ,

219 2188 253 2268 2)
277 2190 412 2264 sumptio
441 2189 543 2250 ualet.
589 2188 779 2270 spectemus
807 2186 941 2266 primum
966 2187 1203 2272 enunciationes
1225 2187 1289 2254 ire·

135 2285 348 2367 quentativus.
394 2286 473 2351 cato
496 2287 532 2350 R.
549 2286 586 2352 R.
604 2305 630 2351 c.
648 2291 680 2350 2:
704 2285 924 2347 Paterfamilias
948 2287 996 2345 ubi
1020 2288 1058 2347 ad
1083 2290 1181 2348 villam
1198 2291 1288 2365 venit,

133 2387 183 2448 ubi
206 2389 299 2447 larem
323 2385 501 2447 familiarem
525 2389 679 2460 salutavit,
710 2385 830 2444 fundum
855 2385 958 2443 eodem
980 2387 1037 2459 die,
1059 2387 1087 2446 st
1102 2390 1206 2460 potest,
1231 2387 1288 2444 cir-

131 2493 260 2546 cumeat.
293 2481 326 2546 C.
352 2487 384 2546 5:
407 2485 437 2544 id
460 2503 497 2546 ex
512 2485 599 2558 fame,
623 2492 653 2545 et
675 2483 845 2556 aemulata
866 2481 932 2541 fieri
954 2481 1033 2544 sotei.
1063 2481 1190 2546 Terent.
1205 2478 1289 2545 Tun.

132 2579 192 2659 ΙΙΙ,
219 2585 246 2658 Ι,
272 2583 310 2645 13
335 2595 417 2661 sqq:
452 2585 525 2644 Tum
557 2584 651 2644 sicubi
677 2599 742 2643 eum
773 2583 895 2642 satietas
925 2579 1082 2642 Hominum
1110 2588 1162 2642 aut
1189 2579 1290 2654 negoti

134 2679 281 2753 mouendo
305 2681 402 2742 odium
425 2687 549 2756 coemat,
572 2681 772 2758 Requiescere
795 2677 847 2738 abi
867 2677 982 2739 colebat
1001 2707 1043 2720 -
1066 2669 1201 2738 Tum'me
1218 2695 1288 2738 con·

133 2779 228 2840 vivam
261 2781 355 2838 solum
386 2779 550 2840 obducebat
570 2783 652 2854 sibi,¹
670 2777 727 2842 ubi
751 2773 849 2841 semel
872 2784 930 2854 pro
954 2775 1112 2856 particula
1136 2773 1290 2840 conditio·

133 2871 198 2937 nali
226 2877 253 2935 si
277 2873 462 2954 temporalis
491 2873 545 2939 ubi
570 2877 675 2957 posita
703 2878 764 2954 est,
795 2871 878 2954 quod
898 2872 1088 2953 plerumque
1110 2871 1156 2950 fit,
1180 2873 1207 2938 si
1226 2870 1292 2936 ire·

134 2971 342 3051 quentativae
379 2973 619 3038 enunciationes
656 2973 687 3037 in
725 2976 869 3050 tempore
903 2969 1080 3049 praeterito
1118 2976 1291 3051 ponuntur,

134 3077 161 3132 t.
185 3067 352 3134 Etzlerum
375 3087 404 3150 p.
431 3076 500 3136 rur.
524 3070 629 3136 Pluut.
656 3067 772 3136 Bacch.
799 3066 859 3148 ΙΙΙ,
884 3075 912 3149 3,
937 3073 992 3133 23:
1020 3071 1077 3131 nisi
1100 3102 1142 3112 —
1166 3087 1291 3130 veneras

134 3201 176 3211 -
199 3172 349 3244 penderes
371 3167 403 3232 in
427 3171 648 3235 enuntiatione
670 3165 823 3250 primaria
845 3165 1030 3248 potentialis
1052 3163 1220 3246 praeteriti
1235 3181 1293 3246 pc-

134 3265 217 3330 situs
240 3269 300 3329 esi.
332 3265 547 3333 Transeamus
570 3268 610 3334 ad
634 3284 689 3333 eas
709 3265 956 3343 mancationes,
980 3266 1012 3329 in
1035 3263 1150 3345 quibus
1173 3265 1213 3328 de
1229 3279 1293 3326 una

134 3367 259 3426 tantum
283 3363 408 3430 actione
430 3362 557 3430 dicitur.
599 3363 680 3431 Cato
701 3367 737 3432 R.
762 3364 799 3429 R.
824 3382 848 3429 c.
876 3371 906 3428 l:
941 3365 1097 3426 Praedium
1125 3365 1203 3440 qnod
1229 3365 1294 3439 pri-

134 3477 213 3522 mum
237 3463 296 3524 siet
317 3465 344 3525 st
364 3483 411 3527 me
434 3468 562 3542 rogabis,
586 3470 629 3529 sic
652 3467 756 3527 dicam.
802 3462 836 3527 C·
862 3467 896 3528 3:
928 3463 963 3525 st
989 3468 1019 3524 in
1050 3473 1132 3524 terra
1155 3469 1186 3522 et
1208 3463 1292 3522 tabu·

135 3563 198 3622 lato
222 3563 289 3622 olea
314 3564 435 3624 nimium
458 3567 507 3625 diu
530 3567 594 3634 erit,
611 3569 755 3640 patescat,
778 3565 874 3625 oleum
899 3563 1041 3626 foetidum
1064 3564 1120 3635 fiet.
1165 3557 1229 3622 Ib.:
1260 3553 1295 3619 Si

136 3666 220 3720 rotas
251 3659 329 3720 cotes
356 3660 467 3736 iacere,
495 3665 610 3724 tardius
637 3665 793 3731 taceatur,
821 3663 874 3722 scd
905 3666 1018 3723 minore
1042 3661 1154 3720 labore.
1200 3651 1234 3720 O.
1257 3661 1294 3719 4:

92 3834 99 3848 ,
136 3755 167 3815 Si
191 3765 221 3816 le
246 3759 377 3818 libenter
401 3758 538 3822 vicinitas
559 3761 682 3835 uitabit,
705 3763 824 3824 facilius
846 3769 897 3820 tna
912 3759 1027 3836 vectes,
1050 3773 1158 3834 operas
1175 3753 1295 3816 facilius

138 3856 261 3928 locabis,
286 3858 441 3930 operarios
464 3858 582 3920 facilius
604 3859 751 3921 conducas.
777 3854 1016 3938 stabulantes,
1040 3859 1151 3930 operis,
1182 3857 1295 3912 iumen·

209 4081 231 4146 ⁶)
254 4081 300 4135 Sic
318 4081 398 4136 Both.
419 4083 490 4152 vulg.
511 4087 607 4136 minam
630 4091 659 4140 et
684 4067 777 4149 aspice.
816 4086 922 4154 ziOpg:
949 4084 971 4134 si
993 4084 1055 4133 mihi
1075 4081 1210 4148 ridespice.
1249 4079 1297 4144 Ap

138 4179 168 4214 ar
186 4165 268 4216 ahane
287 4165 331 4218 vel
349 4183 363 4216 a
383 4168 458 4218 hanc.
496 4169 541 4235 Op
561 4170 595 4220 td
613 4170 689 4220 nane.
710 4195 742 4205 -
763 4167 839 4232 Spica
857 4167 910 4220 iam
928 4165 1039 4234 scripsit
1057 4165 1169 4218 Parent.
