3036 4766
475 145 624 186 nouantur
659 143 893 184 eaeaiounasuu.
1197 151 1260 212 303
1382 183 1387 197 .

98 334 199 401 voler.
223 352 253 415 p.
268 338 342 414 480,
365 353 394 400 v.
411 341 442 400 5:
466 339 516 398 ubi
538 338 648 400 rorarii
669 335 773 397 Estis?
797 351 834 396 eo
849 341 937 396 sunt.
961 335 1013 394 ubi
1035 339 1104 394 suat
1120 335 1261 398 attensi?

99 452 168 496 eoae.
193 433 320 512 Fragm.
346 432 495 499 Baeobid.
518 452 549 513 p.
571 435 645 502 487,
667 451 696 496 v.
719 436 754 495 2:
777 451 844 492 nam
868 441 899 492 et
922 450 959 491 ex
973 434 1049 493 mari
1072 435 1175 494 timida
1198 451 1262 495 eooe

99 549 155 608 ego
185 533 333 592 Pavitare.
379 530 432 595 Fr.
465 529 703 596 Corniculeriae
731 547 759 591 v.
786 532 819 608 6,
847 545 876 608 p.
899 534 981 594 4792
1016 529 1121 592 Circus
1157 539 1261 594 noster

98 646 162 690 ecoe
183 631 278 689 adest.
323 631 371 692 De
400 648 461 692 reae
489 634 586 692 auaro
613 626 685 691 vide
714 625 860 692 Schuetz.
884 626 986 692 doctr.
1015 632 1099 706 pert.
1127 645 1157 708 p.
1189 633 1258 692 153.

97 724 202 790 Hand.
228 724 364 790 Turseli.
390 726 421 806 I,
450 745 479 806 p.
505 730 576 790 587.
600 723 703 802 Pleut.
729 721 827 808 Mero.
852 723 907 802 lv,
930 732 968 803 4,
991 729 1025 790 8:
1059 729 1139 788 Eoos
1162 732 1261 787 aetem

97 827 188 900 perii.
234 841 260 884 v.
285 828 339 887 52:
363 843 425 886 eoae
448 830 547 887 autem
570 826 644 884 baec
668 825 750 884 abiit.
780 821 877 886 Poen.
903 822 941 902 V,
959 828 987 902 3,
1005 829 1037 887 5:
1062 828 1140 886 Eooe
1160 830 1262 886 ouem

98 924 192 1006 malai
237 920 365 988 Terent.
389 921 471 986 Eun.
495 920 539 1000 ΙΙ,
563 926 592 995 3,
616 923 650 984 6;
685 939 746 982 ecoe
769 928 867 984 autem
889 925 1026 984 alterum.
1073 920 1200 987 Phorm.
1216 921 1259 1000 ΙΙ,

100 1024 134 1096 l,
159 1023 216 1084 34:
248 1023 326 1080 ane
354 1026 453 1082 autem
483 1023 591 1082 similia
619 1022 726 1081 omnia.
771 1018 830 1082 Ad.
855 1018 909 1098 IV,
934 1024 963 1098 7,
988 1025 1023 1084 3:
1058 1024 1137 1082 Eoos
1159 1025 1260 1080 aurem

96 1135 183 1180 nova.
206 1149 247 1160 —
271 1120 382 1180 Eoeere
406 1117 510 1180 Plaut.
536 1117 648 1196 Amph.
673 1116 712 1195 ΙΙ,
739 1121 765 1194 l,
788 1123 823 1180 4:
847 1122 966 1186 Eooere,
989 1121 1046 1178 iam
1070 1121 1175 1178 tuatim
1200 1120 1258 1178 l’a·

96 1218 142 1278 eis
166 1213 241 1292 [tu],
268 1223 301 1275 ut
328 1219 388 1277 tuis
418 1218 501 1277 nulle
529 1224 602 1291 aput
624 1224 654 1276 te
677 1215 751 1276 fides
775 1224 836 1290 est,
859 1217 898 1280 ad
923 1231 952 1294 q.
975 1213 1142 1278 l.Le1nb.:
1169 1213 1261 1292 „lus-

95 1310 268 1378 iurandum
292 1317 350 1388 est,
374 1330 411 1379 ae
434 1312 462 1377 si
484 1312 618 1391 dicatur,
636 1331 695 1388 per
720 1315 862 1382 Cererem,
887 1317 922 1376 ut
943 1314 1097 1376 aecastor.
1132 1311 1259 1378 Festus.

96 1410 136 1474 Id
160 1427 233 1475 oum
255 1407 431 1490 signifieat,
456 1429 555 1472 oreae
584 1408 785 1474 scribendum
816 1415 881 1486 est,
916 1421 950 1474 at
973 1428 1067 1474 oerore
1089 1409 1173 1473 idem
1199 1414 1258 1487 est,

96 1507 183 1588 quod
207 1505 299 1572 eoee.“
343 1506 533 1571 Lambinum
564 1523 700 1587 sequens
722 1507 961 1574 Lindemannus
984 1508 1025 1572 ad
1047 1507 1133 1570 l'rin.
1156 1506 1203 1583 ΙΙ,
1227 1510 1258 1583 2,

98 1609 158 1669 111
183 1605 354 1670 discrimen
378 1607 492 1670 statuit
518 1606 892 1675 intemeratarum,
926 1607 981 1673 sed
1005 1605 1065 1670 hoc
1087 1595 1258 1672 discrimen

95 1700 209 1768 fiotum
233 1708 292 1773 est,
314 1721 344 1766 v.
366 1700 566 1778 Fleckeisen.
591 1721 693 1768 exoro.
717 1703 823 1768 Pleut.
847 1723 876 1784 p.
899 1710 948 1768 48.
980 1700 1046 1768 Mil.
1071 1703 1121 1781 Π,
1146 1707 1175 1780 2,
1201 1707 1257 1766 52:

94 1804 209 1864 Eooere
232 1806 331 1864 uatem
354 1805 453 1878 eapite
477 1809 572 1862 nutat.
616 1799 703 1866 Pers.
728 1801 770 1882 II,
786 1808 817 1882 4,
834 1807 891 1868 29:
914 1819 1008 1864 eoeere
1030 1789 1259 1882 ootemffiQadm

95 1902 258 1961 convenire
275 1918 409 1961 munnae
426 1901 592 1975 cupiebam,
609 1903 761 1976 egreditur
777 1905 865 1962 intus.
882 1935 921 1944 -
937 1901 1053 1974 Edepol
1062 1897 1173 1979 Amph.
1191 1897 1258 1972 1,1,

97 2001 169 2060 125.
194 2014 221 2058 v.
249 2000 325 2060 126:
350 1998 448 2058 Credo
472 1997 572 2072 edepol
593 1999 725 2071 equidem
748 2002 878 2060 dormire
902 2001 1018 2066 Solem,
1042 1996 1257 2077 pleonasmus

95 2098 132 2173 3,
159 2098 213 2157 12:
241 2095 357 2168 Edepol
374 2113 412 2156 oe
438 2098 492 2157 illa
520 2097 545 2155 si
573 2096 639 2156 istis
668 2098 757 2158 rebus
786 2106 815 2156 te
847 2100 922 2158 sciat
945 2113 1067 2172 operam
1090 2097 1162 2156 dere
1179 2098 1256 2158 oett.

93 2191 225 2256 Terent.
241 2190 318 2255 Heo.
341 2189 391 2271 Π,
417 2197 453 2271 3,
480 2198 511 2256 1:
534 2193 651 2266 Edepol
671 2211 708 2254 oe
731 2212 784 2255 nos
801 2212 900 2255 sumus
923 2195 1024 2270 inique
1041 2212 1135 2270 aeque
1151 2209 1256 2254 omnes

93 2292 210 2352 invisae
238 2291 325 2350 viris.
341 2323 383 2334 -
410 2290 459 2356 De
489 2288 684 2370 etymologia
710 2293 744 2354 et
771 2287 1001 2370 significatione
1024 2288 1255 2369 particularum

93 2387 160 2460 sere
184 2389 217 2450 et
248 2387 341 2460 formo
369 2386 440 2454 vide
471 2387 600 2468 egregie
635 2387 853 2468 disputantem
880 2386 1051 2451 Hendium.
1100 2382 1257 2466 Exempla

93 2489 171 2550 sunt
191 2483 295 2550 Plaut.
319 2484 405 2548 Trin·
429 2484 472 2564 II,
496 2489 525 2564 2,
550 2491 604 2550 37:
628 2488 683 2547 tibi
704 2486 820 2560 iecisti,
843 2505 902 2548 non
924 2488 1013 2550 mibi:
1037 2489 1111 2562 Mihi
1136 2485 1253 2560 quidem

93 2591 180 2645 aetas
202 2591 302 2645 natast
324 2583 433 2662 seme,
460 2590 512 2644 tua
539 2587 616 2648 iatue
646 2585 742 2646 refert
764 2601 909 2647 maxume.
953 2582 1080 2648 Terent.
1104 2583 1203 2648 Andr.
1228 2581 1254 2658 l,

97 2686 128 2760 l,
155 2685 211 2744 77:
241 2684 347 2744 Ferme
376 2684 406 2741 in
431 2682 535 2742 diebus
557 2685 678 2760 paucis,
702 2684 808 2758 quibus
831 2684 907 2746 haee
928 2691 999 2744 ¹aeta
1022 2691 1105 2752 sunt,
1129 2682 1263 2757 Chrysis.

93 2782 194 2841 vicina
216 2781 291 2840 baec
314 2781 448 2840 moritur.
482 2782 511 2858 b,
534 2783 591 2844 te:
616 2782 674 2842 iam
692 2780 786 2853 seme
808 2785 938 2844 moriens
954 2800 1000 2842 me
1017 2789 1111 2843 vooat.
1135 2777 1252 2842 Heaut.

91 2875 117 2952 Ι,
145 2881 175 2956 1,
200 2879 257 2939 70:
280 2879 406 2938 Domum
430 2886 568 2938 revertor
589 2887 721 2940 maestus
743 2889 833 2955 atque
856 2883 953 2941 auimo
976 2880 1040 2953 fere
1062 2881 1252 2940 Perturbato.

94 2972 177 3038 Cum
207 2975 379 3055 negatione
403 2973 502 3038 Andr.
526 2973 592 3054 III,
619 2979 712 3054 1,2;
746 2978 882 3036 Fidelem
905 2976 990 3036 baad
1016 2977 1109 3050 feram
1135 2977 1254 3037 mulieri

91 3074 228 3135 invenias
261 3074 364 3134 virum.
409 3070 526 3135 Heaut.
551 3071 581 3151 I,
608 3077 644 3152 1,
667 3077 700 3137 3:
727 3075 801 3134 haee
829 3076 909 3136 inter
935 3093 989 3136 nos
1020 3093 1115 3150 nuper
1146 3075 1256 3136 notitia

91 3171 283 3232 admodumst
305 3203 346 3212 —
368 3172 431 3231 Neo
454 3181 501 3232 rel
523 3172 588 3245 sere
610 3189 680 3231 sane
705 3173 831 3246 amplius
855 3175 1012 3248 quiequam
1035 3172 1100 3234 fuit.
1145 3169 1252 3232 Etiam

91 3268 363 3342 anteplasmato
385 3267 531 3347 ponitur,
563 3271 599 3331 ut
630 3266 785 3332 ambitum
815 3267 910 3334 huius
938 3267 1028 3333 verbi
1055 3267 1252 3333 circumseri·

91 3363 157 3428 bat.
206 3362 271 3438 (Sia
294 3363 484 3430 Schuetzius
507 3365 605 3429 dootr.
630 3369 711 3444 part.
736 3383 765 3444 p.
793 3370 875 3445 led),
898 3371 935 3430 ut
958 3365 1086 3430 Phorm.
1103 3365 1129 3444 1,
1146 3371 1175 3443 2,
1193 3367 1251 3430 39;
1306 3432 1309 3440 ,

90 3463 140 3522 hie
169 3462 339 3524 solebamus
372 3464 436 3537 sere
468 3465 649 3538 Plerumque
683 3481 748 3523 eam
782 3467 925 3540 opperiri.
979 3467 1118 3526 Fortasse
1147 3461 1253 3528 Pleut.

82 3557 189 3628 ‚Poen
214 3558 252 3636 V,
276 3563 309 3634 2,
332 3565 391 3624 44;
427 3563 566 3622 Ivbrtosse
588 3563 719 3636 medicos
743 3581 798 3624 nos
825 3581 891 3632 esse
915 3567 1101 3626 arbitrarier.
1144 3563 1255 3623 Hercle

90 3653 195 3722 Plaut.
222 3655 305 3720 Men.
328 3653 384 3732 IV,
408 3661 444 3732 2,
469 3661 527 3722 67:
561 3662 625 3720 Tun
648 3661 761 3738 negas?
807 3658 907 3724 MEN.
937 3665 1021 3736 Nego
1051 3663 1147 3722 aare
1170 3680 1251 3726 vero.

89 3752 190 3818 Mero.
215 3751 247 3824 Ι,
271 3756 306 3831 2,
330 3759 384 3818 tt:
416 3758 518 3817 hercle
542 3763 635 3818 terte.
679 3754 719 3835 V,
742 3762 775 3834 4,
802 3761 859 3820 10:
890 3761 957 3820 Tibi
980 3761 1075 3820 berete
1097 3761 1171 3820 dieii
1193 3759 1254 3832 (sie

90 3848 227 3914 Ritsebl.
245 3850 418 3933 ¹prouulg¹
441 3852 534 3928 erpo).
580 3851 706 3918 Terent.
722 3853 820 3919 Andr.
844 3855 888 3935 Π,
904 3859 934 3935 2,
960 3860 1015 3918 10:
1038 3861 1108 3918 Mea
1131 3859 1260 3936 quidem.

90 3950 336 4011 herebertum
359 3953 448 4012 dubio
473 3954 569 4014 sitast.
597 3983 635 3995 —
658 3954 777 4016 Iterum
799 3953 903 4019 Plaut.
926 3953 992 4020 Mil.
1015 3953 1064 4032 ΙΙ,
1089 3957 1118 4033 3,
1142 3959 1193 4031 27,
1207 3978 1253 4006 ==

89 4043 193 4127 altero
216 4045 306 4125 loeo,
329 4047 392 4111 vid.
415 4046 560 4111 Lindem.

178 4143 216 4208 In
256 4146 343 4206 immo
383 4144 544 4224 particula
580 4146 792 4215 describenda
829 4152 903 4214 utar
936 4167 975 4215 ea
1014 4147 1252 4226 distributione,
