3090 4768
210 159 255 221 70·
589 151 592 158 '
643 149 770 192 nasuta
798 147 861 192 dti’.
874 149 913 190 xi.

208 347 265 408 tur
289 339 480 424 significatio
504 339 696 419 inchoativa,
726 341 767 406 dc
793 344 908 406 conatu
936 337 1150 420 inteiligcnda.
1210 336 1245 404 Si
1276 338 1364 403 doce·

209 440 351 506 actiones
373 440 456 505 inter
479 459 515 504 sc
538 444 773 520 comparantur,
795 438 907 502 itidem·
926 435 1114 518 imperfecto
1135 436 1223 500 actio
1240 435 1358 501 descri-

207 537 294 603 bitur
326 553 408 616 quac
442 542 494 602 est
524 537 651 602 infecta·
673 537 779 603 adhuc
813 541 909 615 atque
943 533 1046 613 durat,
1080 534 1154 599 dum
1181 533 1285 598 altera
1311 531 1356 598 dt.

206 634 307 700 Nasu.
330 633 368 699 dr·
388 635 449 701 inc.
474 653 551 701 com.
569 637 602 700 7:
626 640 756 698 Tantum
774 636 815 696 ibi
837 637 934 696 motae
957 636 1104 710 crepitum
1121 634 1281 712 fac-iebant,
1302 633 1362 692 tiae

207 737 365 800 donabant
384 737 553 812 compedes.
598 733 706 797 Paua.
726 731 812 796 Asin.
836 731 878 811 ΙΙ,
902 735 931 810 2,
956 735 1008 795 76:
1037 734 1069 791 in
1090 734 1238 792 tonstrina
1259 735 1295 792 at
1314 747 1357 791 aa

206 834 319 900 dedam,
339 833 387 898 m'e
409 835 477 894 infit
496 837 712 908 percontarier.
748 829 838 910 dape.
863 847 891 893 v.
917 833 993 892 247:
1016 847 1102 907 quom
1124 831 1256 890 abacos
1277 831 1356 890 mihi.

204 928 248 1009 11,
271 934 300 1007 2,
326 932 380 993 bd:
417 933 540 992 Memini
568 949 655 1008 quom
684 932 765 990 dicto
796 932 868 990 aaut
896 929 1031 990 cadebat.
1077 925 1168 992 Cure.
1192 925 1246 1005 Ν,
1271 931 1300 1004 3,
1324 929 1362 989 92·

205 1031 288 1092 Idam
310 1048 365 1106 epo
388 1031 465 1089 istuc
487 1047 575 1102 qaam
597 1029 748 1088 credebam
772 1029 897 1103 credidi,
919 1029 960 1087 Tc
983 1029 1058 1086 nihil
1081 1045 1147 1088 csse
1163 1027 1355 1087 reddituram.

206 1127 299 1206 Epio.
328 1126 371 1204 ΙΙ,
402 1129 431 1203 2,
459 1130 500 1189 30
524 1143 592 1206 sqq.
625 1143 779 1209 praesens
812 1123 998 1186 historicum
1032 1130 1210 1202 sequuntur
1242 1123 1361 1202 imper-v

202 1221 304 1289 fecta:
327 1227 450 1287 Obviam
473 1233 598 1286 ornatae
620 1227 814 1285 occurrebant
835 1225 895 1284 scis
919 1225 1051 1298 quisquis
1074 1222 1133 1298 (sic
1147 1221 1254 1298 coen)
1279 1239 1362 1282 ama·

204 1325 334 1396 toribns;
358 1323 419 1384 Eos
444 1325 609 1398 capcaooat
625 1353 668 1366 -
691 1325 856 1398 Pleraeque
877 1324 951 1381 haec
975 1323 1028 1382 sub
1050 1323 1234 1382 vestimentis
1256 1334 1356 1380 sccnm

204 1423 350 1482 habebant
380 1422 469 1481 retia.
498 1453 542 1464 -
569 1423 609 1481 Et
641 1437 707 1482 cum
731 1439 767 1480 ea
788 1421 928 1480 tibicinae
958 1419 1044 1478 ibant
1072 1427 1219 1494 quattuor.
1243 1447 1285 1460 -—
1308 1421 1356 1478 bia

198 1521 443 1595 praestolabatur
462 1519 545 1580 illum
569 1520 648 1594 apud
670 1527 796 1594 portam.
841 1514 883 1578 io.
906 1533 936 1577 V.
962 1520 1017 1579 bd:
1040 1517 1285 1588 Disstmabodcm‚
1310 1533 1355 1576 mc

203 1619 309 1680 mcum
332 1617 460 1677 emmoni
483 1633 603 1691 operam
627 1618 708 1678 dara.
753 1614 808 1692 IV,
834 1619 864 1692 2,
886 1617 942 1678 27;
966 1616 1072 1690 quibus
1095 1617 1136 1674 de.
1155 1617 1244 1690 signis
1268 1631 1359 1689 apae

202 1715 325 1776 sccbac?
370 1710 484 1777 Bacch.
506 1710 563 1791 IV,
586 1714 620 1791 4,
642 1717 695 1777 34:
733 1715 827 1791 Quid,
855 1715 908 1773 nbi
934 1713 1076 1782 reddebas
1103 1730 1224 1789 aarum,
1254 1714 1361 1772 dixisti

203 1809 303 1888 patrib
346 1807 526 1888 Mosam,
553 1815 579 1887 l,
606 1815 681 1874 117:
714 1814 788 1872 Nam
813 1817 971 1886 postquam
994 1813 1068 1872 haec
1091 1813 1181 1872 aedes
1205 1813 1251 1871 ita.
1269 1815 1360 1870 aram

202 1915 238 1970 ut
257 1910 318 1970 dixi
341 1909 404 1976 tibi,
439 1910 617 1970 Oontinnost
639 1912 717 1971 alias
737 1911 819 1970 aedis
843 1918 991 1972 mercatos
1015 1911 1085 1988 sibi,
1101 1965 1102 1970 ,
1116 1909 1170 1986 qui
1198 1921 1280 1970 unas
1304 1909 1356 1972 est

201 2004 291 2070 locus
313 2004 490 2084 Plautiano,
520 2005 575 2069 ubi
597 2013 756 2080 amicam
777 2025 849 2071 cnm
870 2005 1056 2086 imperfecto
1079 2005 1283 2069 conirmctmn
1303 2020 1354 2066 rc-

200 2103 342 2185 peritur;
373 2103 441 2168 sinc
467 2119 564 2168 causa
590 2101 767 2168 sufficiente
796 2109 904 2169 tamen
926 2103 1126 2184 Ladewigius
1156 2103 1188 2167 in
1219 2118 1361 2166 censura

200 2200 401 2266 Fleckeiseni
429 2219 532 2266 exerc.
576 2199 679 2266 Plaut.
702 2220 732 2282 p.
758 2206 819 2266 627
851 2203 969 2267 iterum
996 2199 1257 2282 significationem
1280 2217 1353 2264 cac·

200 2298 300 2364 salem
323 2301 465 2374 wocara
486 2297 604 2364 inferre
628 2299 763 2366 volebat.
829 2298 883 2378 IV,
908 2305 937 2377 2,
957 2305 1014 2364 45:
1046 2304 1118 2376 Quis
1146 2303 1239 2362 istaec
1262 2299 1354 2372 facic-

200 2400 272 2488 bat?
316 2396 512 2462 nemean.
535 2396 590 2467 IV,
615 2402 644 2477 Ι,
668 2402 708 2464 68
731 2415 814 2478 sqq.;
851 2403 918 2460 Non
947 2418 1002 2477 ego
1029 2407 1060 2460 to
1088 2402 1175 2461 modo
1203 2401 1253 2459 hic
1283 2404 1355 2458 ante

200 2497 285 2559 aedis
299 2525 343 2542 -·
357 2497 424 2558 Vidi
447 2505 557 2570 astare,
581 2513 669 2570 qaam
690 2499 819 2571 aepabas
841 2498 913 2557 mihi
935 2515 1001 2558 csse
1025 2517 1128 2559 sanum
1152 2500 1292 2572 sinciput,
1313 2498 1361 2556 Et

198 2596 332 2667 meabas
353 2611 399 2654 me
423 2595 551 2665 novisse,
576 2597 764 2669 peregrinum
793 2596 879 2656 aibas
900 2613 966 2657 csse
990 2597 1045 2659 te?
1087 2595 1153 2660 Mil.
1176 2593 1219 2671 ΙΙ,
1243 2595 1272 2670 6,
1297 2597 1352 2656 27:

199 2692 269 2752 iada
299 2693 507 2766 inspectavisti
532 2709 630 2750 meum
658 2698 730 2768 aput
756 2711 804 2752 mc
833 2693 996 2772 hospitem,
1030 2698 1210 2772 Amplcaam
1228 2694 1353 2754 amicam

198 2805 286 2861 pam
307 2789 521 2850 osculabatur
542 2805 634 2850 scam.
659 2787 754 2854 Merc.
772 2788 826 2868 IV,
849 2798 879 2870 4,
905 2797 962 2854 14:
986 2793 1118 2854 Haecine
1143 2799 1224 2853 tnast
1246 2792 1352 2867 amica,

198 2898 287 2961 auam
310 2886 418 2948 dadum
441 2889 511 2947 mihi
535 2894 565 2947 tc
588 2905 687 2947 amare
711 2889 795 2964 dixti,
825 2907 911 2962 parom
935 2893 1121 2953 obsoaabos?
1163 2889 1219 2966 Ν,
1240 2895 1271 2968 4,
1295 2891 1353 2951 21:

143 3047 145 3052 ,
199 2984 380 3058 amparare
410 2986 487 3046 istac
516 2988 566 3046 ted
594 2991 693 3046 aetate
716 2985 762 3046 his
784 2987 904 3047 decebat
924 2993 1028 3052 noxiis.
1073 2987 1188 3054 Pscua
1211 2987 1238 3066 Ι,
1261 2991 1290 3064 5,
1314 2989 1353 3056 7:

198 3083 298 3157 Atque
321 3079 351 3141 id
374 3084 432 3142 iam
455 3085 569 3160 pridem
593 3087 672 3145 sensi
695 3090 727 3144 ct
747 3086 901 3146 sabolobat
920 3091 1001 3151 mibi.
1046 3106 1074 3151 v.
1098 3091 1140 3151 85
1163 3103 1224 3166 sa:
1247 3088 1353 3146 bione

197 3195 245 3244 mc
282 3181 380 3242 scibas
415 3185 590 3256 pristrinum
626 3185 657 3242 in
694 3183 802 3244 mundo
838 3184 917 3259 fore,
955 3187 1048 3263 Quota
1083 3205 1119 3247 ea
1155 3180 1351 3247 morcambus?

197 3273 241 3345 IL
262 3281 292 3351 4,
316 3280 371 3340 28:
407 3282 480 3340 iiius
504 3300 589 3342 servo
613 3283 663 3357 qui
685 3281 763 3340 bunc
786 3281 900 3354 ferebat
921 3301 987 3344 oum
1011 3289 1138 3362 quinquo
1159 3285 1274 3361 argenti
1297 3282 1352 3342 mi·

197 3376 255 3446 nis,
279 3374 369 3435 Tuam
393 3379 441 3452 qni
466 3380 589 3439 amicam
612 3381 681 3439 hinc
704 3381 878 3440 arcessebat.
908 3380 1005 3444 Pocn.
1028 3381 1083 3461 IV,
1108 3389 1136 3460 2,
1161 3385 1200 3445 77
1225 3397 1287 3459 etp:
1310 3381 1352 3439 Et

199 3473 251 3532 iiic
276 3474 326 3547 qui
348 3490 399 3536 cas
423 3476 584 3551 vendebat,
613 3479 688 3537 dixit
710 3495 742 3537 sc
764 3477 889 3540 furtivas
912 3483 1057 3556 vendere3
1087 3486 1232 3560 lngemms
1257 3480 1351 3540 dhar-

197 3569 319 3644 thagine
349 3572 434 3630 aibat
459 3590 538 3635 esse.
580 3571 669 3638 Pers.
692 3573 748 3653 IV,
772 3578 802 3654 3,
824 3579 860 3638 8:
894 3578 937 3639 ita
964 3599 1085 3655 prosum
1113 3582 1167 3656 (z
1188 3571 1352 3658 prorsum)

196 3667 348 3729 credebam
370 3671 513 3734 omnibus.
557 3671 639 3737 aad.
655 3671 698 3752 ΙΙ,
714 3676 744 3752 2,
761 3677 797 3736 2:
820 3677 896 3736 Nam
920 3695 1006 3753 quom
1030 3682 1117 3742 modo
1139 3681 1240 3740 scibat
1257 3676 1350 3748 foras,

196 3765 235 3826 ad
256 3773 374 3840 portum
398 3785 429 3828 se
446 3771 528 3832 aibat
549 3773 604 3832 irc.
646 3769 689 3850 Π,
715 3774 745 3850 6,
769 3777 822 3836 54:
848 3776 943 3848 Quinc
966 3777 1103 3838 auderem
1126 3786 1225 3838 tecum
1246 3777 1277 3834 ia
1298 3789 1350 3834 na·

198 3879 265 3925 vam
288 3865 467 3942 ascendere,
499 3870 558 3942 Qui
582 3887 601 3931 a
622 3869 814 3932 fondamento
837 3873 878 3932 mi
900 3892 992 3949 nsque
1017 3878 1134 3938 movisti
1156 3873 1257 3936 marc?
1289 3869 1350 3948 ΙΙΙ,

198 3963 228 4040 1,
248 3963 283 4024 8:
317 3963 422 4040 Neque
451 3983 502 4028 aas
532 3970 651 4044 cripere
673 3970 777 4042 adibat
798 3971 876 4033 inde.
921 3969 977 4043 IV,
1001 3976 1030 4052 3,
1057 3976 1112 4036 16:
1146 3977 1270 4034 Furtum
1293 3989 1350 4049 ago

195 4060 257 4122 vidi
284 4061 334 4136 qai
363 4062 499 4134 saddai.
546 4070 574 4144 7,
598 4069 638 4130 23
661 4083 743 4146 sqq.:
777 4069 917 4143 Spectavi
945 4087 999 4146 ego
1020 4073 1136 4147 pridem
1159 4074 1287 4132 comicos
1311 4071 1353 4130 ad

195 4158 286 4220 istum
307 4159 424 4222 modum
448 4163 606 4239 Sapienter
628 4166 707 4226 dicta
730 4168 831 4227 dicore
854 4173 942 4244 atquc
958 4170 985 4228 is
999 4171 1144 4244 plauditur,
1169 4171 1353 4244 aconiaca·
