3076 4762
227 137 287 199 116
517 131 520 137 “
653 127 781 168 ῚΕΒΒΙΙΙ,
809 127 873 172 ΘΔΡ.
886 129 936 170 x11.

223 315 266 397 ΙΙ,
290 323 319 396 2,
344 323 376 381 7;
403 319 499 380 nescio
527 317 602 391 quid
627 318 765 394 proiecto
803 323 842 380 mi
875 325 992 384 animos
1021 327 1182 398 promat
1207 329 1290 392 mali.
1325 325 1386 408 ΙΙΙ,

227 418 254 489 1,
282 416 359 476 101:
386 419 409 474 A
432 432 479 476 me
500 417 597 476 amaia
618 417 685 489 qais
707 417 776 478 ecit.
799 415 855 496 IV,
883 423 909 493 l,
934 423 970 484 7:
994 421 1100 484 Nescio
1125 423 1198 496 qaid
1212 413 1311 488 tristis
1334 431 1386 492 est.

225 528 254 575 v.
285 515 337 574 12:
365 515 471 575 Nescio
497 514 570 586 qaid
597 516 715 589 peccati
740 520 842 588 portat
862 518 937 579 baec
961 521 1111 595 purgatio.
1149 519 1277 586 Phorm.
1305 521 1331 603 Ι,
1355 530 1385 603 4,

228 612 283 674 16:
314 613 420 674 Nescio
447 613 526 687 qaod
550 629 686 690 magnum
717 613 773 676 hoc
811 617 913 677 nuntio
945 621 1060 690 capsam
1098 621 1216 679 malum.
1261 618 1319 683 Ad.
1360 621 1386 701 I,

232 716 261 782 1,
285 718 339 778 54:
362 716 468 778 Nescio
490 714 563 790 qaid
583 715 699 776 tristem
722 717 814 779 video.
863 735 867 740 ·
922 726 928 740 ‘

314 810 547 891 Nonnunquam
570 813 602 876 in
624 829 688 877 una
713 813 934 880 enuntiatione
960 817 1053 882 ambo
1074 819 1171 895 modi,
1193 819 1387 888 indicativus

230 915 264 974 et
286 909 506 975 coniunctione
529 909 690 976 coniuncti
711 917 794 976 sunt.
840 909 892 978 Sic
915 911 1021 978 Plant.
1037 916 1153 996 Amph.
1176 918 1256 996 prol.
1282 938 1313 982 v,
1332 925 1384 984 17:

226 1009 313 1070 Nunc
343 1011 447 1084 quoius
476 1011 559 1070 iussu
581 1011 666 1070 aenio
694 1016 724 1068 et
746 1027 833 1085 quam
855 1013 892 1072 ob
915 1031 978 1073 rem
1000 1017 1139 1093 umam,
1164 1019 1280 1080 Dicam.
1304 1015 1384 1082 cist.

226 1102 252 1182 I,
278 1110 306 1184 l,
330 1109 384 1168 59:
409 1108 549 1181 eloquere
573 1135 613 1150 -
637 1109 678 1167 Et
694 1108 764 1182 quid
780 1109 863 1169 tibist
877 1117 908 1170 et
923 1111 992 1186 qnid
1008 1113 1081 1172 celis
1096 1120 1228 1174 nostram
1250 1131 1383 1190 operam.

227 1201 322 1266 Most.
346 1201 372 1273 1,
395 1206 425 1272 3,
447 1202 506 1266 42:
536 1205 612 1279 ride,
636 1223 692 1281 ego
715 1223 790 1280 qnae
817 1207 873 1266 sim
904 1212 934 1266 et
963 1225 1038 1282 quae
1070 1209 1118 1281 sai
1147 1218 1226 1272 ante.
1255 1209 1381 1276 Terent

225 1301 324 1364 Andr.
354 1299 408 1379 IV,
439 1295 465 1377 Ι,
496 1303 536 1364 25
565 1317 628 1380 sq.:
658 1304 696 1362 ab
727 1306 825 1364 nescis
854 1306 972 1379 quantis
995 1305 1023 1364 in
1048 1309 1134 1368 malis
1156 1325 1258 1369 corsa
1280 1312 1381 1388 miser',

227 1403 418 1476 Quantasque
441 1400 489 1459 bic
512 1401 646 1461 consiliis
674 1401 746 1460 mibi
773 1403 912 1474 conflauit
937 1404 1164 1480 sollicitudines,
1195 1423 1224 1466 v.
1252 1404 1381 1470 Ruhnk.

227 1496 308 1560 Eun.
331 1494 370 1566 V,
395 1501 424 1573 3,
448 1499 483 1557 6:
508 1499 533 1556 si
556 1515 657 1572 rogem
687 1500 755 1571 iam,
784 1499 853 1573 quid
882 1499 1024 1574 estquod
1052 1519 1185 1576 peccem,
1215 1510 1267 1563 aut
1293 1487 1381 1579 quam

226 1597 327 1657 obrem
351 1595 408 1654 boc
431 1593 558 1666 faciam
581 1597 706 1656 nescias.

309 1695 339 1780 43
362 1690 391 1754 d.
434 1691 622 1753 Iadicatioas
642 1693 676 1752 a'a
690 1695 955 1758 memmonicos
969 1696 1111 1757 relatois.
1132 1695 1381 1764 Ennnciationes

224 1789 379 1869 relativae
400 1786 605 1852 indicativum
628 1788 819 1868 adsciscunt,
844 1790 871 1855 si
893 1791 1084 1855 sententiam
1109 1793 1291 1872 exprimunt
1321 1813 1382 1876 per

224 1905 261 1954 se
283 1888 491 1955 constantem,
514 1901 597 1963 quae
618 1903 680 1950 non
705 1892 855 1966 tanquam
886 1891 963 1968 apta
990 1890 1182 1968 proponitur
1211 1909 1250 1954 ex
1280 1910 1381 1956 enun-

224 1984 361 2051 tiatione
386 1981 549 2063 primaria.
595 1979 647 2048 Sic
670 1979 752 2048 Orto
774 1984 811 2048 R.
834 1984 870 2047 R.
895 2006 920 2048 c.
945 1989 978 2048 2:
1001 1989 1133 2048 rationes
1149 1997 1256 2064 putare
1273 2009 1379 2068 argen-

194 2101 199 2110 ·
224 2085 341 2155 teriam,
377 2115 416 2125 -
450 2082 551 2157 pabuli
574 2097 664 2143 causa
686 2097 761 2155 qaas
777 2087 889 2156 parata
911 2089 986 2144 scat.
1009 2082 1112 2148 Plant.
1131 2085 1200 2148 nul.
1224 2084 1280 2166 IV,
1297 2092 1327 2158 8,
1345 2092 1380 2152 7:

223 2183 357 2256 Indeque
382 2180 600 2254 exspectabam,
628 2182 680 2240 abi
703 2198 804 2241 aurum
829 2182 1019 2244 obstradebat
1049 2201 1148 2260 seper.
1194 2181 1311 2248 Bacch.
1350 2203 1378 2248 v.

224 2282 302 2345 662:
332 2280 373 2340 Ut
400 2293 625 2354 ¹quaequomque
652 2297 702 2339 res
731 2284 783 2347 est,
810 2281 852 2339 ita
882 2281 1009 2340 animum
1041 2282 1157 2341 babeat.
1208 2279 1292 2344 Men.
1322 2279 1379 2361 IV,

224 2381 253 2456 2,
277 2381 311 2440 5:
334 2393 408 2437 uxor
429 2377 551 2436 rescivit
573 2393 634 2436 rem
658 2394 782 2450 omnem,
812 2382 846 2437 at
870 2377 1021 2454 factumst,
1050 2380 1163 2439 ordine.
1198 2376 1237 2456 V,
1261 2384 1290 2448 2,
1323 2385 1377 2444 57;

222 2479 284 2537 Iam
308 2492 362 2552 ego
389 2491 425 2534 ex
455 2473 522 2541 boc,
544 2481 578 2532 ut
607 2473 755 2550 factumst,
780 2475 872 2534 scibo.
896 2472 977 2537 Rud.
1001 2472 1042 2544 11,
1067 2478 1094 2550 3,
1120 2479 1177 2537 54:
1202 2478 1265 2535 Fur
1287 2478 1378 2538 facile

225 2590 310 2649 paean
332 2576 469 2646 opsercat
488 2571 585 2631 videt:
609 2580 709 2631 custos
732 2573 782 2646 qui
804 2570 852 2630 fur
876 2574 915 2632 sit
942 2575 1049 2635 nescit.
1079 2571 1205 2636 Terent
1239 2573 1378 2654 Adelph.

220 2667 281 2746 ΙΙΙ,
306 2673 335 2743 2,
357 2673 392 2731 4:
416 2671 474 2729 Tot
495 2685 544 2728 res
567 2675 692 2742 repente
703 2670 943 2745 circumvallant,
965 2670 1043 2730 aa&
1062 2673 1175 2746 emergi
1191 2689 1249 2730 non
1272 2678 1378 2745 potest.

221 2767 331 2831 Etiam
352 2781 448 2829 causa
471 2759 642 2843 significari
665 2768 773 2842 potest
794 2766 1021 2843 prononomine
1044 2765 1271 2830 relativorum
1294 2768 1376 2832 indi·

225 2863 329 2934 catino
360 2863 478 2926 iuncto.
525 2859 576 2924 Sic
608 2859 711 2924 Plaut.
735 2859 830 2924 Poen.
855 2861 893 2940 V,
918 2867 946 2930 2,
973 2866 1030 2925 73:
1053 2865 1112 2940 Qui
1143 2867 1199 2924 buc
1229 2866 1379 2928 advenisti

222 2982 277 3024 nos
301 2968 461 3038 captatum.
505 2958 548 3021 Et
571 2958 615 3022 sic
638 2959 743 3033 quippe
763 2961 815 3032 qai
835 2957 1055 3038 plerumquea
1070 2959 1185 3023 Plauto
1209 2965 1243 3024 et
1257 2961 1378 3026 Teren·

221 3059 267 3123 tio
295 3062 380 3133 (narn
408 3073 512 3138 neque
538 3056 570 3120 in
593 3054 688 3118 Ennii
710 3074 812 3137 neque
835 3055 868 3120 in
891 3055 1021 3120 Catonis
1055 3055 1243 3136 fragmentis
1273 3076 1378 3139 neque

220 3142 306 3237 apud
327 3157 467 3236 reliquos
491 3155 664 3234 scriptores
687 3153 829 3218 scenicos
851 3152 929 3218 haec
951 3153 1130 3218 coniunctio
1146 3153 1279 3235 legitur)
1303 3173 1375 3220 curn

221 3254 391 3319 indicativo
415 3253 618 3318 coniunctum
641 3251 809 3330 reperitur.
832 3250 884 3317 Sic
905 3249 1137 3330 Plant.-dmph.
1153 3252 1234 3331 prol.
1268 3271 1296 3316 v.
1322 3259 1377 3318 22:

222 3356 332 3430 quippe
349 3355 399 3427 qui
414 3353 614 3413 intellexerat.
639 3347 710 3412 Aul.
734 3348 783 3433 ΙΙ,
801 3354 829 3419 5,
853 3353 907 3417 22;
930 3352 1117 3424 quippepost,
1140 3349 1201 3414 Ubi
1217 3354 1288 3426 quid
1313 3373 1377 3414 sur·

221 3453 326 3525 ripias,
349 3432 391 3511 nil
413 3452 463 3510 ast
487 3445 568 3510 Rud.
584 3446 626 3525 Il,
652 3452 680 3516 3,
704 3451 761 3509 53:
785 3449 964 3521 quippepost
987 3466 1072 3524 quem
1094 3451 1212 3510 illorum
1236 3460 1378 3524 opservat

222 3549 339 3622 saisost.
364 3544 458 3609 Truc·
481 3543 506 3613 Ι,
533 3548 560 3620 1,
586 3548 643 3608 49:
672 3548 778 3619 puppe
803 3546 855 3618 qai
883 3553 969 3606 certo
999 3547 1067 3608 sato.
1102 3543 1229 3608 Terent.
1258 3546 1376 3633 Heaut.

222 3643 282 3721 HI,
316 3647 345 3714 2,
372 3647 428 3707 27:
461 3644 574 3720 Qaa’ppc
607 3643 658 3716 qul
691 3645 866 3718 Magnarum
900 3659 989 3717 saepe
1027 3645 1058 3702 id
1089 3645 1254 3703 remedium
1278 3635 1376 3723 aegri-

222 3744 392 3805 tudinumst.

308 3835 431 3902 Deinde
455 3853 666 3901 commemoro
689 3831 862 3907 scalmos,
894 3833 947 3898 ubi
974 3852 1195 3914 praegressam
1227 3840 1375 3904 enuncia·

221 3937 342 4000 tionem
365 3933 576 4020 perverbum
598 3952 658 3996 esse
678 3932 845 3997 formatam
870 3929 1015 4010 sequitur
1037 3932 1216 3996 enunciatio
1239 3936 1376 4001 relativa

220 4051 293 4100 curn
325 4030 505 4100 indicativo,
538 4030 569 4093 in
603 4045 737 4108 quorum
773 4027 933 4094 nonnullis
966 4045 1084 4092 aureae
1113 4031 1230 4095 aetatis
1259 4051 1374 4113 prosae

220 4130 373 4195 orationis
396 4127 569 4207 scriptores
590 4128 774 4208 posuissent
801 4125 1043 4190 coniunctivum.
1060 4123 1163 4190 Plant.
1193 4127 1285 4209 Gapt.
1314 4129 1371 4200 ΙΙΙ,
