3076 4762
532 126 571 166 Du
587 127 684 167 HODIS.
698 149 720 158 -
737 129 958 172 coniunctivae.
1260 143 1319 202 145

161 333 247 390 quem
276 317 421 377 beneficio
444 318 599 391 addemus,
623 324 779 381 exanimo
803 321 885 382 facit.
932 325 961 398 2,
986 323 1025 384 26
1042 337 1101 401 sq:
1127 339 1191 381 uam
1207 325 1234 382 ei
1249 329 1322 384 esset

163 415 240 472 unde
271 415 301 473 id
328 416 426 487 ficret,
456 417 643 478 Faceremaa.
692 414 742 497 Il,
767 423 801 496 2,
827 421 884 482 32:
921 421 1001 492 uide,
1039 422 1064 480 si
1100 423 1172 480 satis
1203 425 1319 495 placet:

163 513 265 571 Potius
289 529 374 586 quarn
405 513 508 573 oenias
535 518 564 573 in
588 518 747 590 periclum,
770 545 813 558 -·-
836 518 982 578 Servesne
1010 536 1047 578 au
1077 519 1186 592 perdas
1216 526 1319 593 totum,

163 609 313 668 diuiduum
337 609 414 672 iace.
446 628 473 672 v.
498 614 554 673 40:
577 614 786 689 potiusquam
810 617 873 674 litis
895 631 1012 693 aequor,
1035 617 1134 676 Meum
1159 617 1230 676 mihi
1252 619 1320 676 red·

163 708 260 768 datur.
292 704 351 786 III,
375 715 405 786 4,
431 712 484 771 52:
508 712 642 771 Animam
667 714 831 786 relinquam
855 716 1062 788 potiusquam
1089 716 1156 774 illas
1179 714 1320 776 deseram.

163 783 222 878 111,
241 808 269 874 2,
292 810 324 867 1:
347 807 374 866 si
397 810 495 868 omnia
518 825 620 868 omues
637 827 689 868 sua
706 811 832 870 consilia
854 811 1010 883 conferant
1030 816 1128 886 Atque
1152 813 1220 874 huie
1242 814 1320 872 malo

164 904 289 962 sulutem
314 910 469 976 quaeunt,
493 906 583 966 auxili
606 908 647 964 nil
671 906 820 978 adsereret.

252 1004 299 1062 15.
317 1017 341 1062 c.
390 1003 600 1065 coniunctione
621 1003 837 1076 imperatorias.
869 1003 930 1068 Hic
952 1004 1045 1084 item,
1070 1010 1106 1070 ut
1128 1005 1321 1086 potentialia,

162 1096 411 1175 postulationem
428 1104 461 1160 et
481 1099 705 1192 necessitatem
723 1102 880 1180 quandem
897 1103 1055 1183 exprimit,
1079 1105 1134 1168 aad
1150 1119 1231 1182 quae
1248 1121 1320 1181 uon,

163 1199 199 1258 ut
221 1194 295 1273 illic,
319 1215 338 1259 a
361 1215 465 1259 rerum
492 1196 672 1282 conditione
695 1196 935 1278 proficiscatur,
960 1201 1016 1264 sed
1039 1201 1079 1265 ab
1103 1220 1141 1266 eo
1162 1202 1243 1283 ipso,
1266 1203 1320 1281 qui

163 1292 304 1372 loquitur
330 1293 459 1368 (Etuler.
484 1313 513 1375 p.
541 1297 624 1371 134).
669 1295 879 1377 Negationem
904 1298 983 1362 coni.
1006 1298 1230 1377 imperatorius
1254 1299 1321 1378 ple·

163 1408 298 1471 rumque
326 1392 507 1458 adiunctam
535 1391 635 1458 habet
664 1393 928 1473 compotentialis
957 1414 1024 1459 non.
1078 1395 1320 1476 Nonnumquam

163 1507 221 1569 pro
246 1490 425 1568 sumptione
449 1495 635 1573 usurpetur,
659 1509 758 1572 saepe
782 1492 877 1557 etiarn
901 1511 1000 1575 prope
1016 1493 1139 1559 accedit
1160 1495 1200 1560 ad
1224 1495 1322 1578 signi-

163 1583 347 1651 ficetionem
371 1588 504 1668 rogandi
528 1589 739 1670 optundique,
767 1597 963 1671 quapropter
993 1609 1031 1656 ea
1054 1609 1180 1673 quoque
1204 1611 1322 1674 genera

166 1686 357 1749 coniunctivi
379 1685 440 1749 hue
463 1685 641 1767 pertinent,
666 1676 747 1768 quae
770 1689 968 1768 grammatici
996 1689 1160 1754 nominant
1189 1691 1324 1771 permis-

164 1783 284 1863 sivum,
308 1784 545 1864 concessivum,
569 1785 756 1865 optativum.
785 1785 821 1864 Q.
852 1787 970 1852 Fabius
992 1787 1101 1852 Pictor
1127 1806 1177 1868 ep.
1201 1789 1320 1871 Egger.

163 1899 193 1962 p.
224 1887 297 1945 lO'i:
329 1884 476 1958 Capillum
501 1885 612 1960 Dialis,
643 1887 700 1946 nisi
727 1889 776 1962 qui
804 1888 881 1947 liber
910 1888 997 1947 homo
1014 1896 1074 1960 est,
1102 1906 1161 1947 non
1183 1889 1320 1953 deteneat.

164 1977 305 2046 Marcius
328 1999 378 2060 ap.
402 1981 520 2062 Egger.
550 1999 580 2062 p.
610 1986 667 2046 112
690 1989 791 2050 tanen.
817 1999 947 2063 gramm.
978 2001 1029 2062 ap.
1054 1983 1209 2066 Heusiug.
1233 1984 1321 2050 Mall.

164 2080 284 2146 l'heod.
314 2079 353 2142 de
382 2080 494 2144 metris
524 2097 554 2160 p.
584 2083 653 2154 illl:
683 2084 855 2142 Postremus
889 2084 1035 2160 loquoris,
1069 2084 1182 2159 prinus
1213 2090 1320 2150 taceae.

164 2180 243 2245 Cato
272 2179 309 2244 R.
337 2178 375 2241 R.
404 2195 430 2241 c.
462 2182 493 2243 1:
529 2198 582 2240 sua
611 2165 720 2240 virtute
750 2181 858 2240 voleat.
912 2178 971 2243 ln:
1001 2183 1054 2241 sub
1082 2183 1183 2242 radice
1213 2185 1320 2245 moniis

163 2282 227 2348 siet,
250 2282 279 2339 in
305 2277 460 2338 meridiem
480 2281 595 2351 spectet,
618 2281 685 2338 loco
702 2279 822 2350 salubri,
846 2281 1051 2351 operariorum
1067 2282 1153 2354 copia
1167 2280 1229 2340 sict.
1255 2277 1319 2345 Ib.:

164 2378 227 2439 Sici
251 2380 282 2438 iu
310 2379 346 2436 iis
375 2378 454 2451 agris
485 2378 558 2438 cett.
584 2372 617 2438 C.
642 2378 674 2437 2:
699 2376 875 2436 circumeat.
913 2374 975 2438 Ib.:
1005 2377 1150 2452 postridie
1174 2380 1237 2438 eius
1261 2380 1321 2438 diei

164 2479 282 2537 uilicum
305 2479 399 2552 uocet,
427 2454 509 2548 repet
531 2476 607 2536 cett.
632 2471 693 2538 Ib.:
721 2491 798 2549 quae
828 2491 902 2549 opus
931 2475 1009 2535 aient
1039 2476 1150 2544 locato,
1180 2476 1321 2545 lecenter,

165 2572 220 2638 ubi
244 2569 377 2636 offendit
399 2569 479 2636 hanc
511 2569 611 2635 solem
639 2587 709 2636 esse
733 2570 987 2638 enunciationem
1019 2569 1174 2634 eiusmodi
1197 2571 1264 2636 sine
1287 2580 1322 2636 nt

151 2662 293 2747 elatam,
318 2686 415 2749 quum
438 2669 631 2734 antecedant
645 2674 679 2732 et
693 2671 870 2748 sequautur
885 2667 1066 2748 complures
1080 2669 1320 2735 enuntiationes

163 2769 276 2833 eedem
312 2763 544 2847 significatione
582 2767 722 2846 positae,
761 2783 843 2845 quae
888 2774 922 2829 at
961 2766 1081 2831 habeut
1124 2767 1318 2834 adiunctum.

162 2865 262 2930 Paulo
293 2864 390 2931 inira:
427 2883 521 2940 pecus
551 2867 719 2928 amedee.
770 2861 831 2929 lb.:
870 2866 985 2927 Vendat
1022 2867 1118 2926 oleum
1151 2869 1225 2930 cett.
1258 2865 1320 2931 Ib.:

166 2966 281 3027 Vendat
301 2967 391 3026 boves
413 2966 530 3025 vetulos
553 2966 629 3026 cett.
653 2959 686 3023 C.
711 2964 989 3026 3:1raaeoinces.
1036 2961 1068 3026 C.
1094 2967 1126 3026 5:
1155 2967 1322 3041 Disciplina

163 3066 241 3125 bona
262 3065 376 3124 etatae.
428 3063 535 3122 Feriae
562 3064 723 3122 caecatae.
772 3063 880 3123 Alieno
910 3078 1024 3121 manum
1055 3062 1209 3122 obstineat.
1262 3065 1322 3124 Sua

161 3165 257 3221 amuel
280 3161 455 3237 deligenter.
502 3159 617 3220 litibus
641 3158 771 3220 iamlliae
793 3159 989 3232 supersedeat.
1034 3159 1153 3233 Siquis
1177 3161 1245 3235 quid
1269 3161 1320 3222 de-

163 3261 294 3336 liquerit,
318 3277 373 3333 pro
397 3275 474 3318 noxa
494 3258 572 3318 bono
596 3257 682 3318 modo
704 3256 839 3316 uindicet.
887 3258 1030 3316 Familiae
1053 3258 1129 3316 male
1153 3274 1190 3318 ne
1210 3258 1262 3324 sit,
1284 3275 1322 3318 ae

162 3359 293 3428 moriat·
317 3373 407 3432 opere
431 3358 507 3416 bene
530 3360 671 3417 marmot.
717 3352 780 3418 Ib.:
814 3355 856 3412 Si
873 3373 977 3429 passus
1001 3355 1076 3428 erit,
1108 3356 1243 3415 dominus
1266 3358 1321 3415 im-

162 3472 240 3530 pune
262 3473 299 3514 ae
321 3456 499 3516 enatasse.
546 3455 604 3514 Pro
626 3453 772 3514 beneficio
795 3454 920 3528 gratiam
942 3451 1064 3524 referet.
1111 3451 1174 3515 Ib.:
1207 3453 1321 3514 Vilicus

162 3569 198 3612 oe
219 3554 261 3614 ait
282 3553 459 3629 ambulator,
484 3553 601 3612 sobrius
621 3553 677 3611 etet
698 3567 824 3624 semper,
849 3549 885 3609 ad
910 3567 1030 3610 coenam
1046 3567 1083 3610 ne
1106 3569 1162 3626 quo
1179 3556 1233 3613 eut.
1262 3553 1322 3613 Fa·

163 3653 274 3711 millam
298 3653 445 3710 eameeot:
468 3649 643 3724 caederet,
668 3666 742 3724 quae
767 3650 900 3708 dominus
923 3650 1124 3723 imperaverit,
1149 3649 1230 3712 fiant.
1275 3651 1322 3710 Ne

162 3751 230 3823 plus
248 3752 364 3810 censeat
383 3765 551 3828 separese,
575 3763 663 3823 quam
681 3747 843 3811 domiuum,
869 3748 988 3805 Amicos
1002 3747 1122 3819 domini,
1147 3765 1198 3808 eos
1214 3749 1324 3809 habeat

164 3849 220 3908 sibi
233 3849 353 3908 amieos.
379 3847 433 3907 Oui
445 3847 543 3906 iussus
556 3847 621 3922 siet,
634 3846 786 3906 auscultet.
812 3845 884 3904 Rem
899 3844 1025 3904 divinam
1042 3847 1098 3904 nisi
1113 3849 1322 3922 compitalibus

163 3949 193 4006 iu
218 3948 349 4021 compito
376 3946 480 4005 autin
504 3943 571 4004 ioco
597 3943 759 4016 resociet.
804 3943 922 4003 Iniussu
945 3945 1055 4002 domini
1077 3944 1181 4003 credet
1202 3945 1320 4005 nemini.

76 4086 79 4092 -
166 4046 251 4118 Quod
274 4044 411 4104 dominns
434 4041 606 4116 crediderit,
629 4041 738 4116 meai.
783 4041 867 4100 Satui
897 4057 997 4100 semen
1021 4073 1062 4082 -
1085 4047 1215 4102 mutuum
1239 4041 1322 4100 dede-
1376 4102 1378 4106 .

161 4144 204 4202 rit
226 4143 346 4203 nemini.
392 4141 475 4202 Duas
505 4146 557 4202 aut
584 4146 647 4202 tres
676 4139 805 4199 familias
826 4139 942 4199 'micet
970 4139 1045 4202 cett.
1068 4136 1134 4202 Ib.:
1155 4125 1323 4200 'Rationem

215 4223 298 4268 neu...
313 4222 423 4272 sysara.
444 4221 465 4262 u
1076 4227 1113 4285 10
