3076 4762
556 148 595 188 nu
611 147 708 190 MODlS.
723 171 748 178 -
759 149 981 192 conlaudamus.
1254 161 1290 218 17
1295 160 1313 220 3

154 341 204 402 sit.
251 335 366 402 Bacch.
383 336 437 416 IV,
457 342 505 416 10,
522 341 558 402 3:
583 339 768 414 adseruato,
790 359 826 401 ae
849 343 874 404 is
893 346 999 415 emeat
1018 357 1076 401 aea
1090 347 1311 415 conrumpatur.

155 434 272 515 Amph.
299 434 325 505 Ι,
354 443 379 505 1,
406 440 482 500 151:
514 439 616 498 Metuo
645 456 682 498 ae
709 457 862 502 numerum
890 456 1015 514 amaeam
1045 442 1138 502 illum.
1183 455 1211 501 v.
1238 443 1312 502 178:

154 538 259 595 Metuo
282 537 363 596 vacis
385 553 422 594 ae
444 537 538 596 vicem
562 535 650 595 hodie
675 537 723 596 hic
751 539 895 612 vapulem.
941 536 1012 600 Aul.
1036 535 1077 615 ΙΙ,
1102 541 1131 615 3,
1157 539 1212 599 12:
1236 539 1312 598 Nam

158 641 277 700 ecastor
299 637 407 695 malum
431 649 596 695 moerorem
620 637 731 704 metae,
758 653 793 696 ae
821 637 940 696 mistum
969 635 1075 696 tritam.
1121 632 1192 700 Ces.
1216 632 1258 704 ΙΙ,
1281 638 1312 714 4,

154 733 210 793 25:
233 734 338 792 Metuo
361 734 429 805 iem,
452 749 489 790 ae
505 732 710 806 Olympionem
727 750 793 794 mee
808 750 882 793 uxor
905 735 1081 802 exorauerit,
1104 733 1152 794 Ne
1174 734 1313 794 Casinam

153 828 252 890 ducat.
297 827 413 894 Bacch.
436 847 465 892 v.
492 831 568 892 156:
600 830 653 893 Pol
680 833 775 890 metae
805 832 908 906 magis.
926 848 962 892 ac
984 831 1118 892 Phoenix
1140 833 1199 892 tnis
1222 830 1312 893 fectis

146 927 242 1000 saara
264 928 363 1003 Teque
387 929 424 990 ed
446 935 562 1004 petrem
587 944 652 988 esse
676 935 821 990 mortuam
845 931 1018 988 reamettera.
1051 926 1089 1006 V,
1113 932 1142 1007 2,
1168 929 1313 992 54:11011

150 1028 248 1084 metae
269 1027 377 1100 ecquid
393 1027 464 1087 milri
479 1026 576 1086 dolcat
596 1026 674 1102 quod
696 1023 799 1088 ferias.
823 1023 939 1090 Pseud.
952 1024 978 1103 Ι,
992 1030 1020 1105 3,
1034 1029 1089 1090 50:
1116 1029 1191 1088 Nem
1206 1027 1238 1086 id
1261 1026 1314 1104 hie,

150 1123 256 1182 metuit
277 1140 314 1182 ae
336 1125 417 1185 illem
440 1125 550 1184 aeadas
573 1125 609 1186 cb
641 1125 821 1185 simultatem
853 1142 945 1186 suem.
991 1122 1088 1187 Poen.
1116 1122 1171 1199 IV,
1196 1127 1231 1194 2.
1256 1126 1312 1187 62:

152 1220 231 1292 Quid
262 1228 309 1281 est
339 1222 418 1297 quad
443 1222 580 1282 metuas?
625 1217 656 1284 3.
687 1222 754 1282 dum
783 1239 835 1284 cro
869 1222 993 1284 insidias
1022 1239 1143 1298 parem,
1173 1239 1210 1282 ae
1237 1239 1255 1281 a
1281 1228 1311 1283 te

145 1317 294 1390 perticam
318 1317 375 1393 (ite
398 1317 507 1398 vulg03
536 1317 608 1382 vide
637 1317 677 1382 de
707 1315 736 1380 h.
760 1317 779 1382 l.
805 1317 950 1399 Kampm.
982 1319 1022 1383 de
1045 1322 1096 1382 AB
1119 1335 1227 1399 praep.
1251 1328 1312 1384 usu

150 1413 258 1480 Plani.
280 1434 312 1497 p.
338 1420 387 1494 17,
416 1414 524 1480 adnot.
552 1413 591 1496 1).
630 1414 726 1480 Poen.
756 1433 797 1481 sc.
826 1415 883 1480 ult.
911 1436 940 1480 v.
971 1423 1004 1480 7:
1032 1419 1109 1484 illud
1139 1437 1194 1494 ego
1221 1421 1312 1482 metat

150 1531 284 1590 semper,
315 1531 351 1574 ae
378 1519 562 1588 caaaasceret
584 1515 645 1576 Eas
670 1517 786 1590 aliquis.
832 1513 920 1580 Pers.
944 1513 990 1593 II,
1015 1520 1044 1593 5,
1070 1521 1122 1580 14:
1151 1519 1253 1578 mma
1275 1535 1312 1578 ae

150 1612 329 1673 inmaturam
351 1613 459 1674 secem:
482 1630 519 1673 ae
541 1613 678 1674 exhibeat
699 1616 767 1688 plus
790 1615 899 1690 negoti.
930 1611 985 1692 IV,
1009 1617 1037 1683 3.
1062 1618 1097 1678 9:
1120 1617 1183 1676 Nee
1205 1620 1310 1684 metae,

150 1710 259 1785 quibus
280 1711 397 1772 credidi
418 1711 518 1786 hodie,
542 1728 578 1772 ae
601 1713 665 1786 quis
689 1713 730 1771 mi
752 1713 781 1772 in
805 1714 869 1772 iure
886 1712 1057 1774 abiarassit.
1089 1717 1119 1790 4,
1144 1716 1199 1776 72:
1223 1716 1310 1775 Nunc

146 1811 243 1868 metae
265 1826 302 1868 ae
317 1812 426 1883 peccet.
473 1811 502 1885 6,
526 1811 624 1886 isa:
648 1809 694 1870 Ne
716 1826 776 1868 aaa
808 1809 880 1870 setis
904 1827 979 1878 esses
1003 1812 1085 1886 leuc,
1110 1811 1140 1870 id
1163 1813 1310 1872 metuebas

148 1905 250 1979 miser,
274 1905 400 1981 Inpare,
425 1924 530 1984 avare,
553 1923 589 1965 ae
616 1908 782 1967 crumillam
809 1909 985 1970 amatae?
1030 1907 1122 1972 True.
1146 1906 1171 1984 Ι,
1198 1912 1225 1987 2,
1251 1913 1308 1973 33:

149 2005 352 2079 metuebatque
376 2011 421 2078 te,
451 2006 507 2066 sibi
529 2021 565 2063 ae
593 2012 644 2064 eut
669 2006 863 2080 persuaderes
894 2009 968 2068 cett.
991 2004 1119 2069 Terent.
1144 2005 1224 2070 Eun.
1251 2003 1309 2083 111,

149 2106 177 2179 l,
202 2104 256 2165 60:
285 2104 390 2162 metuit
412 2119 543 2178 semper,
569 2120 655 2178 quem
679 2104 745 2178 ipae
768 2121 845 2163 nnnc
869 2105 950 2179 capit
974 2106 1131 2179 Fructum,
1154 2106 1309 2180 aequando

145 2202 242 2262 iratus
265 2207 297 2260 tn
320 2203 379 2260 elio
403 2201 551 2274 conseras.
597 2197 731 2277 Adelph.
755 2196 820 2274 III,
845 2205 873 2276 3,
897 2201 953 2262 43:
982 2203 1079 2262 Metae'
1109 2220 1143 2264 ae
1174 2203 1309 2263 haereret

148 2300 207 2358 hic.
255 2296 352 2362 Andr.
377 2296 424 2375 Π,
448 2301 477 2375 2,
504 2301 557 2361 12;
589 2300 623 2359 ld
642 2315 750 2372 paces,
777 2315 814 2370 ree
837 2298 929 2358 daces
950 2300 1046 2358 illem:
1078 2307 1109 2358 tn
1133 2308 1248 2376 antem,
1275 2303 1310 2360 at

149 2397 256 2474 macas,
286 2394 316 2458 h.
346 2413 372 2458 e.
405 2400 440 2460 tu
469 2393 600 2473 metuis,
629 2412 669 2458 ne
698 2393 786 2458 illam
816 2410 946 2458 uxorem
973 2394 1090 2459 ducere
1114 2411 1243 2474 cogare,
1273 2400 1309 2458 tu

148 2499 271 2563 autem,
293 2510 333 2556 ne
357 2511 420 2557 nan
442 2491 550 2571 ducas,
575 2489 627 2555 vel
650 2509 686 2553 ne
710 2495 787 2554 elius
804 2509 869 2555 cem
892 2494 990 2555 ducet.
1023 2491 1125 2556 Plaut.
1142 2491 1234 2556 True.
1251 2490 1308 2571 IV,

147 2595 179 2669 2,
196 2595 250 2654 6];
276 2594 383 2660 Timeo,
403 2609 440 2650 ae
463 2591 623 2653 malefacte
637 2592 760 2666 entique
775 2607 842 2652 mse
855 2591 917 2650 siat
937 2591 1057 2652 iaceata
1073 2593 1178 2653 emnia.
1203 2588 1309 2655 Plane.

148 2687 194 2752 fr:
211 2687 346 2755 Cistella
372 2692 449 2763 Quid
473 2697 553 2750 tuam
577 2689 700 2750 emicem
724 2690 825 2764 times,
855 2695 891 2748 ae
914 2694 943 2749 te
967 2692 1106 2750 menalce
1130 2686 1184 2765 (al.
1206 2707 1310 2750 menn·

148 2783 212 2866 lea)
237 2788 331 2849 calet?
376 2785 503 2850 Terent.
528 2784 626 2848 Andr.
649 2783 675 2862 Ι,
700 2789 728 2856 5,
754 2789 807 2848 35:
832 2787 927 2864 timet,
956 2785 1003 2846 Ne
1024 2786 1141 2848 deseras
1164 2803 1205 2848 se.
1250 2784 1310 2864 ΙΙΙ,

146 2890 180 2964 4,
210 2889 238 2948 3.
280 2883 393 2952 veritae
419 2902 484 2946 sam
512 2915 554 2926 —-
579 2900 616 2943 ae
638 2885 761 2958 faceres
788 2885 883 2959 idem,
916 2885 1000 2958 Quod
1030 2887 1132 2959 volgus
1157 2902 1309 2946 seruorum

138 2985 239 3045 solet.
286 2980 401 3046 Heaui.
430 2979 476 3060 II,
501 2985 534 3059 2,
559 2983 592 3044 2:
620 2998 731 3048 uerear,
757 2999 793 3040 ae
820 2982 926 3040 mulier
954 2997 1000 3038 me
1028 2981 1151 3040 absente
1175 2983 1224 3040 hic
1246 2998 1311 3039 aaa·

148 3085 242 3153 rupea
263 3081 310 3139 sit.
355 3077 483 3142 Phorm.
507 3077 544 3156 V,
568 3081 597 3155 8,
622 3081 720 3156 8sq.:
751 3079 934 3138 uerebamtae'
959 3077 1006 3137 Ne
1033 3093 1092 3135 aaa
1121 3078 1151 3137 id
1174 3078 1311 3151 facerem

151 3180 231 3253 quod
259 3175 443 3252 recepissem
471 3177 586 3238 semel?
630 3173 733 3238 Pleut.
756 3173 844 3250 Pers.
867 3172 927 3252 IV,
951 3178 981 3251 4,
1006 3176 1060 3237 69:
1089 3175 1223 3236 Servitus
1245 3193 1311 3236 mea

151 3277 193 3334 mi
216 3275 388 3344 interdicit,
414 3293 450 3336 ae
478 3275 547 3352 qnid
577 3275 669 3332 mirer
696 3290 792 3333 meum
806 3346 807 3349 ¹
823 3276 931 3334 melum
961 3269 1181 3351 („implieitam
1214 3270 1313 3338 hebet

151 3367 417 3451 significationem
446 3368 641 3450 impediendi
668 3368 789 3449 aliquid
819 3368 926 3433 verbis
952 3385 1009 3432 sea
1038 3367 1242 3450 prohibendi,
1272 3389 1312 3434 ne

152 3467 233 3550 quid
261 3465 370 3544 liat.“).
415 3467 543 3532 Terent.
573 3466 651 3530 Hae.
683 3465 738 3536 IV,
768 3471 804 3542 l,
828 3471 882 3530 43:
912 3468 1078 3536 Interdico,
1104 3486 1141 3528 ae
1168 3471 1311 3530 extulisse

151 3574 241 3628 extre
268 3569 350 3628 aedis
378 3583 502 3642 puerum
531 3583 656 3641 nsquam
685 3567 766 3626 uelis.
811 3563 914 3630 Pleut.
940 3565 1025 3629 Pers.
1048 3562 1091 3643 ΙΙ,
1120 3571 1145 3644 1,
1169 3569 1201 3628 3:
1225 3569 1311 3628 Potin

151 3683 190 3727 ue
214 3665 357 3726 mances?
401 3661 498 3727 Stich.
522 3661 547 3740 Ι,
572 3667 600 3740 2,
625 3665 681 3727 60:
706 3681 798 3741 quom.
817 3680 854 3722 ae
876 3665 906 3722 id
931 3663 1033 3736 sumat
1056 3667 1205 3736 maereat.
1246 3662 1312 3728 Mil.

153 3761 196 3841 ΙΙ,
222 3765 251 3842 2,
276 3766 335 3825 33:
358 3764 399 3824 Ut
415 3779 480 3822 eum
504 3762 553 3838 qui
575 3779 608 3822 se
632 3761 680 3822 hic
703 3763 776 3822 uidit
799 3761 896 3822 verbis
918 3762 1019 3821 aiacat
1040 3779 1076 3822 ne
1092 3763 1118 3822 is
1141 3779 1173 3822 ee
1196 3761 1313 3830 eidam,

152 3858 240 3939 quad
262 3857 436 3924 secundum
452 3855 605 3922 Haesium
621 3855 662 3920 ad
677 3855 797 3937 Reisig.
820 3855 927 3921 adnot.
950 3862 1013 3924 493
1030 3856 1170 3936 elliptice
1192 3857 1312 3922 dietum

153 3961 215 4037 est,
239 3956 277 4024 cl.
301 3955 427 4037 plenius
451 3970 636 4050 cupressum
665 3969 692 4016 v.
719 3957 779 4018 563
796 3971 859 4034 aa:
894 3955 1017 4016 Vincam
1046 3958 1176 4038 animum
1207 3973 1313 4030 meum,

152 4057 201 4116 Ne
224 4057 371 4124 malitiose
395 4053 505 4115 lectum
527 4054 559 4114 id
581 4069 634 4128 eps
657 4059 687 4112 te
711 4069 777 4114 esse
808 4053 953 4132 cretum,
976 4069 1034 4131 pro
1055 4068 1117 4132 quo
1138 4051 1313 4116 secuudum

153 4151 242 4216 illam
264 4148 445 4232 analogiam
464 4148 584 4216 dictum
607 4164 679 4213 esse
702 4152 827 4227 posset:
853 4167 889 4213 ne
912 4151 942 4210 id
965 4150 1112 4212 malitiose
1136 4149 1248 4210 lactum
1264 4150 1313 4209 sit.
