3076 4762
257 173 320 234 138
695 162 823 206 mutum.
855 161 917 202 cAP.
932 161 980 205 xrr.

253 355 374 416 Nullum
397 355 530 414 iuvenire
554 355 707 428 prologum
724 357 825 426 posset
846 371 945 414 novos.
971 350 997 428 Ι,
1021 356 1050 430 2,
1074 353 1131 414 69:
1155 353 1231 422 Nou,
1259 355 1286 414 sr'
1317 355 1415 416 redis·

253 457 306 520 set,
329 455 356 512 ei
378 457 467 528 pater
489 453 604 513 veniam
626 449 736 512 duret?
761 453 789 527 3,
815 454 848 513 3:
873 451 959 524 Quod
980 449 1151 523 olfecissem
1166 453 1344 528 irrcogituos,
1369 455 1415 520 ita

255 549 348 628 [cum]
372 553 560 623 expectarem,
584 555 617 608 ut
639 566 694 624 pur
717 547 781 610 fuit.
805 552 836 626 4,
863 552 914 612 13;
939 548 1061 624 Aliquid
1090 565 1293 611 ceccosassem
1319 558 1413 626 etque

255 651 323 710 hinc
348 666 392 710 me
415 649 574 710 conicerem
596 648 745 722 protinam
768 647 799 705 iu
821 647 922 721 pedes.
940 643 1069 716 Phorm.
1093 643 1262 724 11‚·r,as:
1287 650 1362 708 Nem
1378 649 1414 707 m·

254 749 330 808 haec
351 749 395 808 ita
416 751 518 814 esseut,
542 762 607 806 oum
629 745 682 804 illo
706 745 782 805 haud
804 748 907 816 stores,
932 745 1089 806 Phaedria.
1112 761 1140 806 v.
1158 747 1214 806 48:
1239 745 1282 804 Ni
1295 762 1414 806 rossem

250 861 384 917 eausam,
408 843 553 908 crederem
575 860 644 902 vera
667 843 745 902 huuc
769 843 858 917 loqui.
905 839 980 904 Hes.
1004 839 1060 912 IV,
1089 846 1114 920 l,
1139 846 1178 908 39
1202 857 1264 920 sq.:
1289 862 1356 904 uum
1383 845 1412 904 si

254 945 282 1004 is
299 947 399 1018 posset
420 943 457 1002 ab
481 958 516 1001 eu
539 957 604 1000 sese
628 941 799 1014 ‚derepente
826 943 967 1011 avellere,
1000 941 1132 1014 Quacum
1160 947 1206 1002 tot
1236 950 1413 1004 consuesset

255 1059 359 1111 *anuos
384 1058 441 1101 uon
465 1057 530 1099 euru
555 1041 701 1099 homiuem
729 1038 870 1100 decerem.
925 1035 1056 1116 Adelph.
1084 1035 1109 1116 Ι,
1138 1041 1167 1112 2,
1201 1041 1240 1100 27
1261 1052 1349 1118 sqq.:
1380 1046 1412 1100 et

253 1119 337 1201 illum
370 1145 401 1197 tu
435 1145 529 1209 tuom,
561 1136 588 1196 ai
624 1151 698 1197 esses
730 1139 825 1212 homo,
856 1135 974 1198 Sineres
1002 1155 1080 1218 nuuc
1111 1135 1211 1198 iacere
1244 1138 1410 1198 -Potius

253 1251 352 1314 quem,
376 1237 426 1296 ubi
448 1243 477 1294 te
500 1240 688 1309 expertutum
712 1234 852 1294 eiecisset
874 1234 965 1308 torus,
988 1237 1137 1299 Alieniori
1160 1243 1258 1298 aetate
1276 1243 1346 1316 post
1362 1236 1412 1310 fa-

252 1324 333 1398 ceret
364 1341 472 1394 tumen.
506 1327 547 1406 ΙΙ,
583 1334 610 1405 1,
640 1332 694 1391 24:
729 1329 763 1389 Si
796 1332 951 1404 attipisses,
983 1333 1080 1406 ferres
1114 1332 1317 1397 intortunium.
1350 1334 1411 1414 ΙΙΙ,

256 1438 285 1510 3,
307 1437 346 1495 41
365 1447 425 1509 sq.:
450 1448 518 1490 nuru
540 1429 650 1488 sineres
674 1445 743 1488 vero
765 1430 849 1488 illum
873 1436 953 1492 tuom
979 1433 1090 1492 Facere
1114 1432 1211 1491 haec?
1235 1431 1301 1495 DE.
1327 1433 1410 1494 Sine·

250 1548 315 1592 cem
344 1528 452 1592 illum?
474 1535 530 1588 aut
565 1544 622 1588 uou
653 1543 704 1585 sex
738 1529 809 1587 totis
835 1530 986 1592 mensibus
1018 1530 1103 1590 Prius
1126 1530 1295 1608 olfecissem,
1320 1550 1410 1606 quam

255 1631 306 1688 ille
330 1629 486 1702 quiequam
509 1623 659 1696 coeperet?
683 1619 719 1698 V,
743 1627 771 1692 3,
795 1626 850 1686 42:
873 1627 962 1688 scires
983 1627 1110 1689 liberum
1132 1629 1286 1704 Ingenium
1311 1635 1408 1705 utque

255 1727 395 1787 animum.

344 1826 393 1884 14.
409 1820 439 1884 b.
487 1823 694 1884 coniunctivae
704 1823 885 1896 potentialis.
929 1822 1119 1888 Potentialis
1134 1822 1314 1904 praesentis
1330 1828 1410 1886 tem·

254 1917 344 1999 poris
371 1917 570 1982 coniunctivo
605 1919 782 1997 praesentis
811 1926 844 1982 et
881 1919 1023 2000 perlecti,
1057 1919 1210 2000 temporis
1239 1921 1410 2000 praeteriti

254 2015 440 2096 imperfecto
464 2007 660 2094 exprimitur.
705 2016 754 2079 Ad
777 2020 985 2098 potentialem
1008 2018 1169 2098 pertinent
1191 2019 1286 2082 etiam
1310 2017 1410 2082 iuter-

253 2116 437 2196 rogationes
467 2113 674 2193 dubitativae,
704 2113 782 2178 item
808 2117 903 2186 celim,
931 2119 1031 2186 colim,
1060 2133 1121 2182 nou
1153 2113 1322 2180 referende
1354 2115 1411 2180 ille

249 2213 298 2278 ad
328 2213 515 2293 optativum,
547 2219 583 2276 ιιι
609 2217 696 2276 reete
719 2212 797 2276 dicit
827 2212 1006 2294 Madvigius
1035 2209 1267 2296 momentanea
1295 2232 1325 2294 p.
1358 2219 1409 2292 77,

244 2327 329 2384 ,uum
361 2310 504 2394 optativa
535 2307 724 2391 significatio
755 2329 817 2374 nou
845 2311 876 2375 in
908 2312 1010 2392 modo,
1042 2311 1097 2376 sed
1128 2313 1160 2375 iu
1195 2311 1301 2376 verbis
1330 2311 1408 2392 ipsis

257 2409 349 2477 inest.
385 2410 481 2490 Legg.
506 2409 568 2472 XII
592 2408 686 2486 labb,
707 2409 747 2486 V,
762 2407 799 2473 ir.
817 2417 851 2474 4:
877 2415 907 2474 Si
931 2416 1073 2476 intestato
1097 2415 1235 2489 moritur,
1263 2414 1311 2472 cui
1335 2429 1413 2473 suus

258 2512 346 2572 heres
370 2528 424 2572 uec
447 2511 494 2572 sit.
530 2506 680 2571 Nonnulli
703 2507 814 2587 legunt
835 2513 906 2572 escit
927 2509 1065 2587 (=eritl,
1100 2509 1185 2588 quod
1212 2508 1413 2574 commendat

256 2606 458 2672 Dirkseuios.
498 2603 614 2670 Naevii
635 2603 674 2668 ir.
697 2604 757 2668 inc.
780 2623 859 2671 com.
883 2611 939 2672 23:
964 2611 1030 2669 dum
1055 2617 1084 2668 te
1108 2609 1213 2677 mtect,
1238 2615 1297 2669 tam
1316 2611 1412 2676 vetiarn

256 2708 340 2774 sciat,
368 2706 446 2779 Quid
479 2705 622 2778 scriptum
648 2707 697 2765 sit.
748 2701 826 2774 Cato
854 2705 1081 2786 apophthegm.
1109 2722 1157 2786 ap.
1189 2703 1271 2770 Gell.
1310 2704 1365 2786 ΙΙΙ,
1393 2709 1411 2768 8

259 2802 363 2876 (Liou.
383 2798 455 2880 98):
479 2803 544 2862 Tibi
562 2833 599 2842 -
618 2805 683 2878 quis
706 2806 848 2878 perpulit,
873 2812 904 2864 ut
926 2807 956 2865 id
978 2807 1190 2879 committeres,
1214 2806 1292 2880 quod
1314 2808 1411 2879 prius·

262 2920 348 2978 quam
377 2902 511 2970 luceres,
528 2903 657 2976 peteres,
687 2909 720 2960 ut
739 2904 961 2978 ignosceretur,
981 2927 1027 2954 ·=
1058 2899 1117 2965 tibi
1139 2901 1309 2984 petendum
1333 2904 1411 2977 erat,

258 2998 297 3062 iu
322 2995 422 3074 terren
447 2994 535 3060 moen
561 2993 680 3075 militen.
725 2999 762 3062 R.
777 2999 822 3062 ΙΙ.
846 3018 872 3064 c.
897 3005 932 3063 2:
958 3002 1074 3062 Vendat
1097 3005 1193 3062 oleum
1219 3031 1256 3041 —
1282 2998 1412 3060 frumeu-

257 3107 378 3173 tumque
402 3096 481 3170 qood
501 3097 636 3169 supersit.
683 3093 716 3158 0.
750 3101 799 3160 16:
827 3101 972 3164 Dominus
1001 3099 1145 3174 lapidem,
1176 3099 1256 3183 liguo
1283 3098 1321 3156 ad
1337 3096 1365 3156 ,f
1398 3129 1411 3143 ·

251 3213 378 3269 necem,
402 3196 479 3271 quod
502 3213 576 3268 opus
598 3195 665 3264 siet,
687 3198 811 3272 praebet
835 3195 880 3276 (tu
904 3193 933 3272 lo
958 3191 1025 3258 mett
1049 3196 1080 3256 et
1106 3190 1210 3274 utttlp
1233 3190 1293 3266 lein
1316 3191 1411 3274 mog).

256 3291 337 3358 cato
377 3309 422 3354 or.
458 3291 498 3354 de
522 3290 639 3355 vestitu
669 3299 703 3354 et
726 3291 878 3359 vehiculis
901 3312 950 3373 up.
974 3292 1090 3357 Pulso:
1118 3296 1193 3352 Nam
1217 3294 1411 3368 periniurium

251 3392 326 3460 siet,
358 3409 424 3456 cum
453 3387 525 3450 mihi
552 3390 588 3450 ob
612 3407 662 3452 eos
685 3410 783 3453 mores
806 3411 878 3468 quos
901 3396 984 3468 prius
1009 3393 1098 3452 habui
1120 3391 1340 3464 honosdetur,
1364 3390 1413 3450 ubi

246 3489 344 3552 datus
367 3497 430 3561 est,
459 3496 519 3548 tum
543 3489 585 3548 uti
608 3505 659 3550 eos
678 3497 792 3552 mutem
816 3502 903 3568 utque
927 3493 979 3552 alii
1009 3487 1048 3561 th.
1073 3506 1100 3552 θ.
1123 3488 1217 3564 alius)
1245 3491 1325 3549 modi
1349 3489 1412 3550 sim.

257 3583 351 3651 Ennii
374 3583 504 3650 Telamo
526 3582 565 3648 fr.
592 3589 605 3647 Ι
630 3603 680 3666 ap.
705 3585 768 3653 Cic.
793 3587 832 3652 de
855 3593 919 3652 uat.
943 3586 991 3650 de.
1015 3586 1074 3664 ΙΙΙ,
1098 3590 1159 3650 32:

296 3687 364 3761 ‚Ego
388 3686 475 3746 deum
498 3704 589 3762 genus
615 3704 680 3745 esse
705 3705 822 3762 semper
846 3689 906 3750 diui
930 3696 959 3748 et
982 3689 1077 3756 dicam
1101 3688 1250 3770 caelitum,

300 3784 358 3846 Sed
381 3801 432 3846 eos
456 3803 513 3845 nou
538 3801 644 3844 curare
668 3787 783 3860 opinor,
807 3787 877 3862 quid
897 3793 970 3862 eget
992 3787 1150 3847 humanum
1173 3801 1284 3858 genos:

299 3883 373 3942 Nam
397 3883 558 3950 eicerent,
582 3883 656 3944 beue
680 3883 765 3944 bouis
788 3882 834 3951 sit,
859 3887 936 3944 male
959 3886 1055 3962 malis,
1079 3884 1156 3960 quod
1179 3900 1259 3944 uuuc
1275 3882 1370 3942 abest.

255 3977 350 4045 Ennii
371 3977 537 4044 Phoenicis
559 3977 599 4041 fr.
623 3985 657 4044 3:
681 3982 750 4041 Plus
775 3982 955 4054 misertim,
979 3983 1006 4042 si
1025 3984 1189 4044 scelestum
1214 3980 1314 4052 facim
1337 3977 1412 4056 quod

257 4081 352 4146 dicum
375 4078 448 4141 lore.
493 4073 679 4156 Iphigeniae
702 4075 741 4140 ir.
765 4085 796 4156 t,
819 4096 846 4142 v,
864 4082 940 4142 254:
964 4081 1040 4140 Nam
1063 4081 1112 4138 cui
1134 4079 1212 4154 quod
1235 4082 1308 4151 opat
1329 4079 1411 4138 iusti·

259 4185 392 4238 lutumst.
438 4175 475 4238 fr.
498 4178 527 4251 8,
552 4191 578 4236 v.
603 4177 664 4238 266
680 4192 742 4254 sq.:
777 4179 834 4239 Pro
857 4175 1024 4238 malefactis
1048 4179 1165 4238 Helena
1186 4177 1301 4246 redeat,
1332 4179 1412 4250 uirgo
