3076 4762
245 197 305 258 112
673 189 801 230 VERBUH.
830 190 893 230 CAP.
907 191 956 232 111.

241 382 313 441 Scin
337 382 407 458 quid
430 384 497 443 volo
521 380 687 442 accurare?
709 377 764 458 IV,
781 384 811 459 2,
833 383 893 444 83:
917 381 1012 442 Viden
1036 381 1091 440 ted
1110 382 1152 440 uti
1169 382 1315 454 scelestus
1332 401 1405 457 oup-
1531 365 1532 374 ἵ

242 479 306 538 tot?
329 476 383 556 IV,
408 482 437 554 3,
462 482 497 540 3:
522 479 591 540 Scin
615 478 758 552 quidest,
781 479 860 554 quod
883 496 937 554 ego
961 479 998 538 ad
1021 486 1052 539 ce
1078 479 1331 560 venio?=quid
1349 477 1403 548 ait.

242 571 281 652 V,
308 580 335 652 1,
350 581 406 640 44:
431 578 524 650 Quem
548 576 662 636 turned
678 575 827 639 homiuem
843 593 909 640 ecee
929 577 1088 646 arbitrare,
1102 579 1215 640 nescio.
1239 575 1276 645 V,
1293 581 1321 653 2,
1344 581 1402 641 29:

241 658 392 750 Loquere,
416 683 485 735 uter
506 673 656 734 modiatio
679 675 804 748 culpem.
828 671 866 748 V,
889 675 919 751 5,
948 676 1006 739 21:
1036 676 1134 752 Audin
1166 682 1208 747 ιιι,
1235 681 1269 736 ut
1291 676 1403 737 delira

244 757 346 833 mente
370 773 521 845 loquitur?
546 773 574 845 9,
605 771 659 832 92;
691 770 786 830 Scitin
810 772 880 848 quid
903 773 1143 849 egovosroqo?
1164 769 1320 848 mitta,
1344 772 1403 837 26:

216 871 292 929 -uel
314 871 475 948 elephanto
498 871 528 930 in
552 869 637 931 India
661 869 725 942 Quo
754 873 844 944 pacto
873 888 973 947 pugno
997 869 1194 944 praesumto·
1219 871 1404 943 bracchium,

241 965 328 1044 'quae
350 962 489 1030 fortasse
512 984 550 1030 ex
573 968 671 1026 dicam
693 982 723 1026 v.
749 958 794 1029 20'
813 969 892 1044 apte
913 973 995 1029 sunt.
1030 985 1059 1030 v,
1084 969 1139 1030 36:
1164 969 1226 1030 scio
1248 970 1305 1028 iam
1332 966 1406 1042 quid

244 1065 290 1123 cte
302 1065 404 1124 dicere
419 1088 461 1116 =
477 1062 553 1144 quid
569 1061 663 1141 velis,
680 1061 735 1130 ubi
749 1060 897 1132 Lindon.
909 1061 988 1128 haec
1000 1061 1114 1131 habet:
1138 1061 1320 1140 „Videntur
1341 1063 1405 1128 duo

245 1161 389 1228 membra
410 1161 566 1234 sermonis
588 1160 621 1224 in
643 1177 742 1223 unum
764 1157 817 1224 hic
840 1157 976 1224 conflata
1006 1177 1086 1226 esse.
1131 1159 1247 1239 ltaque
1265 1159 1407 1238 primurn

243 1255 373 1336 quidem
398 1257 560 1322 dicebant:
584 1258 735 1334 quidvis?
759 1261 830 1320 scio.
869 1256 1004 1336 Deinde,
1028 1261 1065 1320 ut
1086 1254 1157 1322 fieri
1178 1255 1261 1323 solet
1282 1256 1316 1319 in
1339 1273 1408 1322 ser.-
1459 1251 1471 1264 “

245 1372 337 1421 mone
363 1355 531 1437 communi,
562 1372 625 1420 nno
652 1359 764 1420 tenore
793 1359 827 1418 et
856 1355 1022 1418 coniuncte
1058 1353 1206 1421 dicebant
1239 1355 1300 1434 sqa‘o
1331 1355 1409 1428 qutd

244 1456 298 1516 ute.
323 1453 449 1532 'Atque
473 1452 584 1519 cadem
608 1457 659 1516 est
680 1451 761 1516 ratio
776 1450 1000 1520 formularum:
1024 1455 1144 1528 Nescio,
1169 1454 1240 1529 quid
1254 1460 1310 1520 est,
1331 1454 1406 1528 scin,

244 1551 317 1629 quid
347 1554 490 1614 uoluinus.
541 1553 687 1626 Loquere,
717 1553 767 1612 ubi
797 1560 861 1624 est;
892 1554 1043 1628 eloquere,
1071 1551 1142 1626 qnid
1172 1552 1226 1611 tibi
1255 1559 1310 1613 est.
1356 1548 1408 1618 Ad

247 1645 380 1722 eandem
403 1664 546 1712 normam
570 1651 705 1727 possunt
728 1646 880 1728 explicari
902 1646 1084 1722 huiusmodi
1099 1641 1269 1711 formulae:
1300 1648 1406 1708 Sentio

248 1739 334 1822 quarn
363 1763 425 1804 rem
442 1747 530 1822 ‘agis3
562 1749 657 1820 video,
687 1765 772 1822 quarn
802 1765 864 1808 rem
894 1749 968 1823 agis,
995 1744 1058 1816 nisi
1091 1742 1176 1808 forte
1209 1744 1341 1822 rectius,
1370 1749 1409 1806 ut

248 1857 347 1919 supra
370 1839 503 1905 fecimus
525 1841 566 1905 ad
590 1839 713 1928 captiv.
742 1841 784 1921 ΙΙ,
817 1849 845 1922 l,
876 1848 924 1906 16.
969 1841 1154 1906 Tenendum
1183 1847 1301 1920 minen,
1328 1840 1410 1908 indt-

244 1939 385 2005 cativum
409 1939 441 2003 in
464 1938 514 2004 his
529 1938 674 2003 formulis
696 1939 813 2025 ubique
836 1938 955 2004 habere
971 1939 1109 2018 aliquam
1126 1936 1334 2004 confidentiae
1356 1938 1409 2008 vol

249 2040 356 2101 certae
390 2035 607 2116 persuasionis
642 2035 814 2116 notionem,
845 2043 971 2102 utnon
997 2037 1083 2108 idern
1109 2037 1205 2118 plane
1228 2033 1410 2125 significent

246 2138 316 2213 soto,
339 2137 411 2208 quid
432 2137 514 2204 nelis,
528 2138 562 2197 ct
583 2137 651 2204 soto,
673 2138 745 2208 quid
766 2138 842 2198 ois.“
875 2134 941 2200 Mil.
963 2135 990 2213 Ι,
1016 2140 1044 2214 l,
1068 2139 1123 2200 64:
1154 2136 1221 2195 vide
1257 2137 1409 2195 caesaries

244 2253 334 2310 quam
350 2235 435 2293 decet.
459 2231 502 2312 ΙΙ,
527 2237 556 2310 2,
579 2237 636 2296 46:
651 2236 736 2314 'illuc
760 2237 801 2296 sis
817 2237 894 2308 uide,
918 2233 1213 2312 Quemadmodum
1236 2233 1332 2292 astitit
1361 2249 1408 2298 se-

245 2331 441 2394 veromente
465 2349 582 2406 curans,
608 2330 752 2408 cogitans.
797 2331 853 2410 IV,
878 2337 906 2410 2,
930 2335 987 2396 54:
1013 2332 1106 2391 Viden
1137 2337 1170 2390 tu
1197 2332 1345 2406 ignavom,
1376 2336 1410 2390 ut

248 2446 313 2490 sese
337 2427 516 2501 iuferi?.II-‚
541 2431 569 2505 6,
594 2433 634 2492 34
662 2445 747 2508 sqq:
775 2439 810 2492 ut
838 2431 977 2504 nescium,
1006 2431 1113 2490 Utrum
1140 2446 1187 2488 me
1215 2429 1408 2503 expostulare

248 2534 345 2587 tecum
371 2530 523 2602 aequomst
541 2529 634 2600 prius,
658 2530 714 2600 An,
739 2529 764 2588 si
785 2529 878 2588 istaec
902 2547 960 2590 non
983 2534 1035 2608 esst
1052 2527 1127 2589 heco
1151 2542 1245 2602 neque
1269 2526 1344 2585 haec
1366 2525 1409 2586 vi·

249 2632 312 2684 east
334 2625 420 2697 mihi,
444 2625 513 2698 Med
538 2641 702 2697 expurgare
727 2627 781 2682 tibi
803 2626 920 2686 uidetur
942 2625 1074 2698 aequius
1105 2620 1160 2698 IV,
1185 2626 1214 2698 2,
1247 2626 1300 2684 59;
1331 2620 1409 2696 Quid

247 2739 328 2808 nuuc
356 2723 410 2780 tibi
438 2722 492 2794 cic,
522 2723 638 2794 mulier,
666 2740 806 2802 memora.
835 2739 863 2784 v.
893 2724 934 2783 82
965 2737 1029 2800 sq:
1056 2722 1123 2782 Non
1146 2721 1253 2796 edepol
1276 2727 1309 2779 tu
1340 2720 1409 2788 scie,

249 2819 371 2891 mulier,
403 2819 549 2891 Quantum
574 2835 629 2894 ego
658 2821 799 2896 honorem
831 2837 907 2880 nunc
935 2821 980 2878 iili
1003 2819 1105 2881 tuden
1126 2815 1182 2894 lv,
1205 2819 1233 2894 6,
1256 2821 1316 2878 47:
1341 2819 1409 2876 Non

247 2916 350 2988 video,
375 2915 472 2974 ubist?
497 2911 595 2997 Mero.
618 2913 660 2995 ΙΙ,
685 2919 713 2992 3,
738 2921 792 2980 17:
815 2919 901 2978 Nunc
926 2920 950 2978 si
974 2918 1040 2977 dico
1065 2924 1097 2976 ut
1119 2933 1168 2976 res
1191 2919 1241 2992 esi,
1259 2922 1349 2989 atque
1373 2916 1410 2974 il·

250 3016 307 3073 lem
339 3013 412 3071 mihi
439 3031 484 3072 me
510 3010 627 3074 Emissa
661 3017 769 3089 iudico,
806 3034 892 3092 quem
922 3017 960 3078 ad
991 3015 1108 3082 modum
1143 3013 1304 3075 existumet
1339 3005 1410 3073 me?

250 3127 278 3174 v.
304 3113 361 3173 95:
392 3112 440 3172 Ah
468 3112 567 3171 nescis
594 3113 664 3186 quid
698 3113 831 3174 dicturus
862 3131 936 3194 sum.
983 3109 1042 3189 lv,
1073 3114 1108 3188 3,
1135 3112 1191 3172 23:
1226 3111 1284 3168 Vin
1313 3111 1409 3170 dicam

251 3209 390 3284 quoiast?
412 3211 442 3281 4,
465 3211 523 3270 43:
547 3209 643 3269 dicam
667 3207 735 3284 quid
758 3215 808 3271 est.
831 3207 869 3289 V,
894 3213 923 3288 2,
947 3211 1002 3272 23:
1030 3209 1140 3268 Nescio
1170 3209 1258 3296 quoia
1284 3225 1342 3266 vox
1372 3206 1412 3268 ad

252 3307 332 3365 auris
355 3306 395 3364 mi
418 3305 579 3368 aduolauit.
602 3324 632 3369 v.
658 3309 711 3370 39:
736 3309 857 3368 Caelum
880 3315 913 3368 ut
935 3311 978 3366 est
999 3306 1159 3382 splendore
1187 3307 1318 3380 plenum,
1344 3305 1411 3364 ride

249 3403 303 3473 sis,
328 3410 417 3477 atque
442 3402 643 3479 [innubilum].
688 3403 804 3469 Pseud,
828 3403 853 3482 1,
881 3409 908 3484 1,
934 3407 989 3466 16:
1013 3406 1093 3464 Face
1116 3387 1162 3463 me
1193 3409 1307 3462 certum
1340 3402 1413 3477 quid

250 3499 341 3557 tibist.
365 3497 391 3576 Ι,
419 3502 446 3578 l,
473 3503 524 3563 19:
548 3507 611 3562 tute
634 3504 704 3563 hinc
728 3511 850 3564 narrato
873 3503 938 3576 citi,
964 3505 1045 3576 Quae
1070 3519 1116 3560 me
1138 3500 1260 3582 miseria
1282 3506 1314 3557 ec
1337 3516 1413 3563 cura

249 3597 454 3669 coutadefacc'd.
493 3595 610 3661 Pseud
640 3617 669 3662 v.
700 3603 762 3664 209
791 3615 875 3680 sqq:
907 3602 951 3668 Tu
979 3607 1088 3672 autern,
1111 3598 1258 3670 Xustulis,
1289 3595 1356 3656 iace
1379 3603 1415 3656 ut

252 3695 381 3754 animum
412 3694 562 3763 advortas,
589 3697 706 3772 quoius'
721 3705 879 3766 amatores,
907 3698 977 3776 olivi
1008 3698 1157 3758 Dunamin
1191 3694 1270 3754 domi
1301 3693 1415 3754 hubent

252 3805 426 3853 maxumam.
449 3789 476 3866 1,
500 3796 529 3870 3,
554 3793 607 3855 28:
631 3796 729 3856 Nosco
753 3797 859 3858 saltem
883 3797 963 3856 hune
985 3796 1051 3870 quia
1074 3798 1124 3855 esc.
1147 3809 1177 3854 v,
1196 3795 1250 3854 29:
1275 3791 1338 3852 Iam
1362 3793 1414 3852 din

251 3887 315 3944 scio
344 3891 394 3962 qui
421 3889 496 3961 suit:
525 3908 602 3950 nuuc
632 3893 681 3966 qui
711 3893 736 3952 is
760 3898 801 3952 esi
823 3895 906 3968 ipsus
927 3894 1013 3952 sciet.
1040 3907 1069 3954 v,
1092 3895 1150 3954 42:
1175 3891 1229 3952 Set
1252 3894 1316 3952 scin
1340 3890 1413 3966 quid

252 4000 306 4042 nos
328 3985 484 4046 uolumus?
511 4003 540 4048 v.
568 3988 625 4050 96:
656 3990 747 4049 audin
778 3991 849 4066 quid
876 3991 922 4048 ott
949 3988 1108 4064 Iuppiter?
1137 3985 1165 4065 Ι,
1200 3989 1229 4066 5,
1266 3991 1342 4052 124;
1371 3991 1414 4048 At

253 4081 331 4137 euim
355 4083 418 4141 scin
449 4082 519 4156 quid
542 4084 614 4143 mihi
644 4086 674 4142 in
702 4092 830 4146 mentem
860 4087 962 4146 ocuti?
990 4082 1033 4162 ΙΙ,
1058 4088 1087 4162 2,
1111 4089 1144 4146 5:
1175 4086 1263 4145 nimis
1294 4081 1412 4158 [quum]

252 4177 341 4236 velim
366 4185 481 4238 certum
518 4182 569 4254 qui
602 4181 633 4238 id
666 4179 759 4242 faciat
785 4184 862 4242 Mihi
889 4185 986 4246 Ballio
1020 4185 1089 4245 leno
1127 4184 1178 4260 ubi
1214 4182 1412 4242 nictatione.
