3048 4770
248 126 312 186 224
467 133 471 145 ·
539 119 602 161 011².
615 119 662 162 XV.
690 119 838 160 poculum
853 119 1104 162 unuucmmollull.

250 310 333 382 Ques
356 327 436 368 nune
459 316 528 370 sunt
551 316 635 370 certe
657 312 685 370 ei
709 313 843 384 consiliu,
867 313 984 372 ineerta
1006 319 1040 373 ul
1055 313 1142 373 sient.
1166 307 1271 374 plaut.
1291 304 1407 387 Amph.

249 405 274 476 Ι,
298 411 327 485 3,
351 411 386 469 9:
410 410 607 483 Opservutote
631 427 697 468 enm
721 427 808 484 quem
831 408 939 469 bluude
964 411 1161 484 suppelpetnr
1177 408 1304 470 mulieri.
1335 400 1406 468 Aul.

247 503 273 580 Ι,
307 509 333 581 i,
368 509 421 566 15:
451 507 496 566 Ne
523 522 570 564 me
599 507 758 566 observare
782 508 888 588 possis,
918 507 988 581 quid
1011 524 1111 593 nerum
1134 522 1245 580 geram.
1290 499 1407 566 Bacch

249 600 290 679 ΙΙ,
316 607 344 679 3,
369 605 422 664 5-3;
452 605 556 676 occepi
580 621 635 678 ego
658 618 817 678 opservare
842 621 997 678 quamnam
1026 622 1090 664 rem
1123 611 1239 678 gerent.
1297 597 1411 678 Amph.

247 698 275 778 I,
301 704 330 777 3,
356 694 409 766 10‘:
431 701 562 760 Ecastor
582 708 619 770 te
635 701 900 776 experior-quemi
922 701 1015 760 facies
1038 718 1160 762 uxorem
1177 707 1266 760 luem.
1290 695 1408 784 Pseud.
1503 707 1504 712 ’

248 796 275 874 Ι,
304 803 328 874 l,
354 802 410 860 71:
434 801 521 857 Nune
543 817 597 872 ego
621 805 650 858 le
674 799 812 874 experior
835 800 905 874 quid
928 817 1018 870 emes,
1043 799 1113 873 quid
1144 799 1275 858 simules.
1321 794 1414 880 Asin.v

248 894 275 974 I,
303 901 328 968 l,
353 901 409 958 45:
434 898 541 956 Verum
566 915 660 956 meum
684 913 814 969 uxorem,
838 898 961 964 Libens,
984 898 1044 956 scis
1066 897 1163 970 qualis
1186 897 1252 958 siet.
1277 891 1349 956 Aul.
1366 890 1410 969 ΙΙ,

251 1000 279 1064 2,
293 998 347 1056 4οε
372 995 510 1068 quonium
526 1002 557 1054 tu
574 1013 618 1054 me
636 1003 666 1054 et
682 1013 736 1068 ego
752 999 793 1070 le,
817 996 912 1068 quelis
935 996 987 1065 sis,
1005 996 1075 1055 snio.
1099 990 1155 1070 lv,
1171 995 1219 1070 10,
1232 995 1289 1054 35:
1313 1009 1411 1066 neque

252 1109 306 1167 ego
329 1109 432 1151 nurum
456 1109 553 1166 neque
576 1094 672 1154 islune
695 1097 792 1152 nulum
816 1107 892 1166 quue
916 1092 982 1164 siet,
1007 1092 1075 1152 Scio
1091 1109 1146 1152 nen
1163 1092 1239 1152 noui.
1264 1087 1410 1164 eiselv,

254 1193 283 1264 2,
313 1192 367 1252 69:
399 1190 448 1264 qui
476 1190 557 1248 illum
588 1192 630 1250 eil
659 1209 691 1250 se
720 1191 797 1250 seire
829 1190 948 1248 ubisit.
995 1186 1087 1265 Epid.
1111 1186 1169 1266 ΙΙΙ,
1194 1191 1222 1263 2,
1246 1191 1302 1252 41:
1326 1191 1409 1248 Haec

254 1289 338 1348 scitis
361 1289 419 1346 ium
458 1287 614 1347 utimum
637 1290 705 1346 siut.
743 1291 773 1360 4,
797 1288 851 1348 22;
888 1287 975 1348 Nunc
1007 1287 1123 1347 demum
1154 1289 1215 1346 seio
1243 1304 1298 1360 ego
1332 1287 1411 1345 hune

252 1385 302 1460 qui
323 1387 372 1444 sit.
418 1381 474 1462 IV,
500 1388 528 1463 2,
553 1389 609 1448 27:
631 1387 707 1458 Quin
730 1389 807 1443 hene
841 1401 905 1456 ego,
941 1402 1016 1459 quae
1050 1387 1117 1459 siet,
1148 1385 1251 1457 Neque
1268 1386 1331 1443 seio
1359 1401 1411 1442 ne-

248 1501 305 1558 que
332 1485 410 1545 nevi.
455 1480 540 1545 Men.
564 1481 605 1560 ΙΙ,
633 1488 659 1560 l,
684 1487 737 1544 21:
762 1481 826 1554 ego
849 1482 932 1540 illum
956 1485 1018 1542 seio
1041 1499 1128 1556 quem
1152 1499 1239 1540 cerus
1260 1483 1299 1540 sit
1323 1481 1410 1540 cordi

249 1598 323 1642 meo.
370 1583 399 1658 2,
428 1583 484 1642 27;
518 1583 622 1656 Neque
656 1583 758 1639 hercle
792 1597 846 1652 ego
880 1581 974 1638 habeo
1012 1597 1108 1653 neque
1144 1587 1184 1654 te,
1218 1578 1283 1651 quis
1322 1579 1410 1637 homo

250 1679 302 1749 sis,
337 1679 408 1740 scio.
454 1675 551 1740 Mene.
577 1675 615 1755 V,
638 1682 667 1754 2,
690 1681 729 1738 47
755 1688 818 1752 sq:
847 1677 939 1734 Tuam
968 1678 1092 1736 amicam
1121 1671 1186 1744 CH·
1217 1675 1294 1746 Quid
1321 1673 1410 1735 enm?

251 1771 318 1835 EU.
342 1775 399 1835 Ubi
423 1776 471 1846 sil,
496 1792 549 1850 ego
574 1776 645 1834 seio.
692 1769 758 1834 CH.
782 1775 864 1832 Tune
888 1773 1037 1836 obsecro?
1072 1771 1139 1840 EU.
1164 1773 1271 1832 Senem
1294 1780 1326 1830 el
1349 1775 1409 1830 sal-

251 1889 327 1932 vem.
373 1867 439 1934 CH.
463 1873 521 1934 Ubi
545 1889 609 1930 eum
633 1871 766 1930 sellem?
798 1868 910 1932 Pseud.
934 1868 960 1946 Ι,
989 1875 1015 1948 1,
1043 1875 1094 1932 14:
1123 1871 1247 1931 Licetne
1278 1870 1309 1928 id
1331 1871 1409 1930 scire

251 1969 322 2042 quid
345 1968 404 2027 sit?
449 1972 478 2044 3,
501 1972 556 2030 41:
580 1971 665 2036 Hele,
690 1972 798 2028 seimus
818 1985 871 2026 nos
894 1971 1066 2041 quidem.te
1096 1969 1193 2042 qualis
1225 1968 1274 2028 sis.
1320 1964 1406 2028 Trin.

250 2060 302 2140 Π,
330 2067 361 2140 2,
386 2067 446 2126 922
481 2066 551 2124 Scin
574 2074 605 2124 lu
628 2069 710 2127 illum
742 2083 799 2140 quo
826 2081 937 2138 genere
966 2075 1070 2138 gneius
1100 2065 1181 2124 siet?
1203 2061 1266 2140 ΙΙΙ,
1292 2066 1327 2139 2,
1352 2067 1408 2126 72:

252 2163 321 2221 Sele
345 2163 482 2237 equidem
509 2171 539 2220 te
563 2164 709 2224 unimutus
737 2171 770 2222 ul
797 2164 847 2230 sis,
895 2160 1022 2226 Terent·
1044 2161 1125 2224 Eun.
1151 2159 1188 2238 V,
1215 2165 1251 2237 8,
1277 2163 1311 2222 5:
1344 2163 1410 2220 sein

249 2277 297 2318 me
321 2260 479 2334 inquibus
503 2260 555 2319 sim
580 2261 719 2336 gaudiis?
764 2257 891 2323 Phorm.
913 2255 956 2334 ΙΙ,
981 2263 1010 2336 3,
1033 2261 1063 2320 8.
1108 2255 1186 2326 Heu.
1210 2255 1282 2334 111,
1299 2261 1329 2334 5,
1357 2259 1410 2320 18:

252 2360 375 2418 Omnem
398 2375 460 2416 rem
483 2360 555 2431 selo,
581 2368 614 2418 ut
636 2361 675 2419 sit
697 2365 791 2433 geste.
828 2353 929 2419 Plaut.
954 2353 1066 2433 Amph.
1092 2353 1133 2425 ll,
1159 2360 1191 2428 2,
1215 2357 1293 2416 214:
1318 2357 1411 2414 Dele-

252 2458 332 2515 nitus
356 2473 419 2525 sum
442 2455 579 2528 proiecto
600 2457 652 2524 ile,
676 2464 708 2515 ut
730 2473 776 2514 me
800 2457 851 2529 qui
873 2457 926 2514 eim
952 2455 1092 2515 nescium.
1138 2449 1215 2514 cist.
1237 2449 1265 2529 I,
1292 2456 1327 2527 3,
1354 2455 1409 2514 16:

254 2554 399 2624 Quoniam
422 2570 506 2610 reum
530 2555 594 2612 eins
621 2553 695 2612 secli
719 2555 820 2612 nescit*
841 2554 891 2626 qui
922 2553 988 2612 siet.
1031 2547 1127 2618 Puen.
1150 2546 1211 2628 ΙΙΙ,
1235 2553 1267 2627 2,
1296 2539 1361 2612 15:
1380 2556 1412 2608 nt

250 2666 306 2722 ego
329 2651 378 2722 pol
401 2650 484 2707 illum
508 2667 566 2724 que
589 2650 629 2710 sit
651 2651 727 2710 lucie
752 2652 862 2710 nescim
909 2651 938 2725 3,
963 2651 1020 2710 36:
1044 2651 1190 2708 nescimus
1214 2666 1267 2708 nos
1291 2649 1412 2722 quidem

252 2745 342 2802 istum
367 2748 415 2819 qui
440 2747 505 2804 siet.
531 2743 633 2808 min
656 2744 711 2822 IV,
736 2750 772 2823 2,
797 2749 829 2807 7:
859 2763 943 2820 quem
968 2749 1023 2820 ego'
1050 2745 1101 2819 qui
1124 2747 1163 2804 sit
1185 2747 1271 2806 homo
1296 2748 1409 2805 nescie-

252 2837 341 2901 Idem
364 2839 485 2918 legitur
507 2861 535 2905 v.
562 2846 631 2907 120.
655 2842 780 2906 Terent.
805 2840 885 2930 Eun·
903 2840 1012 2928 1123,
1032 2845 1084 2925 15:
1108 2844 1172 2918 Ego
1194 2845 1277 2902 illum
1296 2844 1409 2920 neseio,

253 2939 309 3010 Qui
332 2936 432 3000 luerit.
463 2937 580 3003 Heaut.
597 2937 635 3016 V,
658 2945 688 3017 4,
715 2943 770 3002 15:
795 2942 875 3000 Deus
890 2942 1008 3014 neseio,
1031 2937 1086 3001 ubi
1109 2955 1180 3003 eum
1203 2935 1410 3002 Schmiedero

255 3040 360 3096 mente
382 3035 565 3104 addendum
589 3043 651 3100 est:
674 3035 750 3116 quid
773 3035 889 3100 facturi
907 3037 979 3104 sint.
1024 3033 1129 3100 Pleni·
1153 3035 1208 3100 As.
1232 3033 1275 3113 ΙΙ,
1300 3039 1329 3113 2,
1353 3038 1410 3098 81:

247 3137 358 3192 sehse
387 3151 452 3193 enm
481 3152 539 3194 non
570 3136 685 3194 novisse
722 3136 870 3197 homiuem
908 3135 959 3210 qui
986 3136 1052 3199 siet·
1096 3132 1188 3212 Epid·
1210 3130 1265 3206 IV,
1290 3135 1319 3208 2,
1356 3135 1411 3194 10:

247 3231 333 3303 Nego
362 3248 417 3304 ego
444 3247 510 3292 eum
538 3232 652 3290 novisse
681 3248 757 3304 quee
787 3233 825 3292 sil
859 3230 917 3301 (sie
947 3228 1052 3294 Iacob.
1076 3231 1126 3308 Ap
1147 3248 1184 3290 ue
1206 3247 1266 3304 eqo.
1298 3227 1411 3294 Lemb.

249 3325 331 3398 Nepo
364 3343 428 3384 eam
455 3323 523 3405 me).
574 3323 689 3389 Bacch.
716 3325 779 3402 IV,
803 3333 837 3407 6,
868 3331 920 3391 16:
949 3331 1065 3391 Nosces
1098 3336 1130 3390 tu
1162 3331 1245 3387 illum
1277 3335 1413 3388 solutum

249 3425 348 3498 qunlis
373 3427 420 3482 sit.
466 3421 531 3487 Mil.
555 3422 595 3501 II,
620 3429 649 3500 5,
673 3427 730 3487 42;
753 3427 857 3502 Neque
880 3445 980 3488 moror
1003 3443 1099 3502 neque
1123 3443 1173 3486 vos
1197 3428 1247 3501 qni
1270 3427 1335 3486 sitis
1360 3428 1412 3484 ho-

248 3522 342 3581 mines
371 3525 440 3587 novi
468 3540 561 3598 neque
592 3524 664 3583 scio.
709 3520 772 3598 111,
798 3528 831 3601 3,
858 3526 916 3586 51:
947 3525 1003 3596 Qui
1036 3527 1152 3584 noverit
1183 3541 1229 3586 me
1257 3526 1326 3598 quis
1354 3541 1412 3604 ego

250 3617 325 3678 sim?
368 3616 483 3681 Pseud.
506 3617 532 3694 Ι,
557 3623 585 3696 3,
609 3623 665 3682 28:
690 3623 788 3682 Nusue
810 3626 916 3682 saltem
939 3623 1017 3680 hune
1040 3624 1090 3696 qni
1113 3629 1166 3682 est.
1197 3618 1253 3696 IV,
1278 3625 1307 3698 7,
1334 3624 1411 3683 114:

247 3714 353 3789 Neque
376 3717 465 3778 istum
489 3705 667 3780 Pseudulum
690 3721 827 3780 mortalis
849 3721 899 3796 qui
922 3720 961 3778 sit
985 3721 1169 3794 novineqne
1195 3721 1266 3786 scio.
1311 3717 1412 3782 Poen-

251 3808 288 3888 V,
313 3816 341 3890 3,
366 3817 402 3875 2:
426 3816 563 3874 Novistin
587 3823 619 3874 tu
641 3818 734 3877 illunc
758 3818 922 3876 tunicatum
947 3817 1104 3889 hominem,
1128 3819 1178 3889 qni
1201 3815 1280 3878 siet?
1318 3812 1410 3878 Triu.

248 3923 276 3970 u.
302 3911 380 3972 283:
414 3912 490 3972 Novi
518 3929 572 3985 ego
600 3914 656 3972 hoe
683 3915 852 3985 saeculum,
881 3915 1011 3974 moribus
1039 3914 1143 3989 quibus
1167 3914 1233 3972 siet.
1279 3911 1411 3976 Terent„

247 4005 330 4072 Eun.
354 4004 415 4085 ΙΙΙ,
439 4012 467 4086 5,
492 4010 548 4068 18:
574 4011 668 4082 Quom
690 4013 772 4084 ipsus
795 4029 841 4070 me
866 4013 961 4088 noris,
990 4029 1077 4084 quem
1100 4013 1221 4085 elegans
1244 4011 1410 4073 formarum
