3036 4766
523 174 672 218 ooorltrut
699 175 932 220 ruurucmnnou.
1215 187 1279 252 359

110 364 218 440 „raim
239 359 268 424 h.
293 361 312 425 l.
337 367 387 428 est
413 363 639 444 indignantisr‘
673 364 807 446 Adelph.
836 365 946 445 1v‚5,
979 370 1033 430 22:
1064 370 1142 446 Quid
1172 371 1278 448 ipsae?

112 461 190 537 quid
214 461 312 522 aiunt?
357 461 417 526 Ml.
440 465 516 537 qnid
538 465 607 526 illas
631 466 758 528 nenses?
781 469 822 527 nil
846 467 933 529 enlm.
1238 548 1240 554 Ι

205 556 233 620 h.
279 557 322 621 Et
345 562 452 636 potest
473 558 537 624 alia
559 561 721 626 sententia
748 561 910 627 contraria
940 561 1066 642 opponi.
1104 562 1142 627 ld
1163 563 1276 630 distin·

109 653 202 720 ¹otius
225 654 414 734 exprimitur
436 658 526 718 damn
547 661 632 721 eadm.
679 657 742 724 Sed
771 657 904 742 simplex
928 663 1007 720 euim
1037 660 1134 727 etiam
1162 663 1209 726 ita
1231 662 1277 728 in·

108 750 238 832 fertur,
262 757 298 816 ot
321 771 360 816 ex
383 754 542 818 sententia
564 756 604 820 ab
626 755 729 822 altero
752 754 1001 836 colloquentium
1022 759 1189 838 proposita
1211 759 1276 826 alia

109 849 332 916 constituatur
359 851 535 931 sententia,
566 870 649 932 quae
683 851 725 918 sit
758 853 925 919 contraria.
977 853 1098 929 (Hand.
1130 874 1159 936 p.
1190 861 1277 935 395.)

115 946 222 1014 Plaut.
252 947 367 1012 Pseud.
395 949 427 1021 Ι,
454 955 487 1028 1,
515 953 569 1016 29:
600 954 681 1027 Lege
711 955 756 1014 vol
785 955 912 1016 tabellas
940 955 1042 1014 redde.
1090 951 1149 1018 PS.
1179 956 1277 1018 Immo

108 1048 194 1107 euim
216 1050 372 1123 perlegam.
418 1047 508 1128 Ling.
533 1052 653 1127 quaest.
677 1047 781 1113 Plaut.
803 1065 836 1128 p.
861 1053 900 1114 38
924 1049 964 1114 de
985 1047 1016 1114 h.
1039 1048 1074 1116 l:
1099 1053 1224 1130 „Enim
1239 1057 1278 1120 ut

108 1142 172 1222 γάρ
195 1143 226 1206 in
249 1144 458 1224 responsione
482 1151 671 1226 usurpatur,
695 1146 750 1210 sed
776 1163 839 1210 non
861 1145 993 1212 amaad
1029 1145 1155 1214 Terent
1176 1149 1274 1216 Andr.

113 1241 152 1311 V,
179 1247 204 1318 Ι,
229 1248 262 1306 4:
285 1244 382 1304 Immo
404 1241 483 1305 euim
505 1263 582 1306 nuno
605 1263 692 1321 quom
707 1263 842 1306 maxume
858 1248 911 1308 ahs
927 1249 1093 1322 depostulo
1109 1254 1197 1324 atquo
1210 1267 1273 1328 oro,

110 1339 155 1404 ad
172 1357 200 1420 q.
217 1338 238 1402 l.
263 1339 404 1406 Ruhnk.:
429 1345 543 1420 „Eadm
564 1340 693 1420 ponitur
715 1358 775 1421 pro
797 1340 896 1406 444οέι
940 1340 1045 1408 Plaut.
1068 1340 1154 1408 Pers.
1171 1343 1226 1423 IV,
1243 1352 1273 1426 4,

116 1441 192 1502 119;
217 1441 306 1500 etiam
329 1458 385 1516 pro
407 1443 593 1503 vestimentis
617 1443 674 1502 huo
695 1441 798 1502 deoem
818 1441 962 1504 aooodent
977 1443 1085 1502 minae·
1121 1439 1189 1506 ΒΟ.
1212 1443 1275 1506 Ao-

110 1536 231 1598 seedeat
252 1537 344 1615 euim,
367 1557 424 1598 non
449 1538 602 1600 accedent.

199 1632 218 1696 i.
264 1632 315 1698 Ita
332 1631 372 1698 ht
393 1633 490 1700 etiam
507 1633 602 1700 iniis
624 1633 805 1714 responsis,
832 1634 864 1698 in
893 1633 1010 1715 quibus
1040 1653 1111 1700 curn
1134 1635 1272 1715 quadam

111 1727 307 1796 confidentia
329 1731 530 1798 concluditur
560 1747 598 1798 ex
625 1748 661 1796 re
688 1730 774 1797 haud
802 1731 915 1812 dubia,
946 1738 1004 1798 aut
1029 1731 1188 1798 dubitanti
1213 1734 1269 1799 de-

110 1832 311 1894 monstratur
333 1847 387 1894 res
411 1828 588 1909 conspicua.
633 1827 752 1909 (Hand.
784 1830 805 1895 l.
825 1849 855 1896 o.
884 1827 1030 1894 Schuetz.
1062 1834 1162 1900 doctr.
1187 1842 1270 1916 part.

20 1939 26 1950 ·
110 1945 142 2006 p.
171 1925 255 2007 159.)
310 1926 437 1994 Terent.
471 1927 606 2008 Adelph.
637 1927 692 2006 lv,
721 1933 754 2007 7,
781 1931 837 1992 12:
868 1931 946 2006 qnid
974 1950 1052 1996 nuno
1088 1933 1271 2000 futurumst?

110 2023 171 2090 MI.
196 2026 229 2086 Id
252 2027 330 2086 eadm
352 2029 430 2102 qood
453 2045 502 2090 res
526 2029 593 2103 ipsa
612 2028 681 2090 fert.
727 2024 779 2091 Sia
800 2024 938 2092 formula
959 2029 1061 2092 dicum
1079 2032 1157 2092 eadm
1168 2031 1270 2097 Plaut.

110 2120 183 2186 Gau.
207 2120 256 2201 ΙΙ,
288 2126 323 2202 6,
353 2127 410 2188 20:
442 2126 552 2186 Duum
578 2127 670 2202 mrim,
699 2143 766 2186 mea
793 2127 898 2208 mulsa.
943 2124 1038 2192 Most.
1067 2126 1123 2208 IV,
1151 2133 1188 2209 2,
1216 2135 1272 2194 27:

111 2224 171 2295 Qui
194 2224 345 2297 parasitos
368 2224 433 2298 Ego
457 2223 543 2284 aum?
586 2220 684 2286 ADV.
709 2222 799 2298 [Tibi]
822 2225 900 2282 adm
921 2224 1033 2288 dirum:
1057 2228 1123 2289 oiho
1145 2230 1272 2303 perduoi

108 2323 225 2396 poteris
249 2320 361 2396 quovis.
407 2316 472 2384 Mil.
494 2319 559 2398 ΙΙΙ,
585 2324 617 2398 1,
643 2323 719 2384 213:
743 2322 807 2396 ugo
830 2321 1034 2383 enimdtrum.

197 2416 228 2482 k.
274 2413 354 2482 Cum
376 2415 448 2482 aliis
469 2415 639 2497 particulis
660 2419 737 2478 euim
767 2416 987 2498 coniungitur,
1015 2423 1049 2484 et
1076 2437 1172 2501 saepe
1202 2422 1271 2503 qui-

110 2513 185 2578 dem
209 2531 280 2580 cum
304 2514 523 2580 adversativis.
569 2513 621 2580 Sia
644 2520 677 2576 ot
698 2516 794 2592 eadm,
815 2517 867 2578 sed
888 2519 983 2595 eadm,
1007 2535 1110 2581 voum
1131 2522 1217 2591 euim,
1240 2540 1269 2586 v.

107 2613 131 2690 ἕ
153 2617 206 2678 39.
230 2617 280 2678 42.
304 2616 355 2676 44.
402 2614 485 2675 Certe
498 2615 576 2676 euim
597 2611 682 2676 idem
698 2609 955 2694 significatquod
974 2618 1128 2678 eadmero.
1152 2616 1269 2692 (Hand.

108 2724 139 2786 p.
167 2707 253 2782 396.)
289 2705 393 2774 Plaut.
422 2709 537 2792 Amph.
561 2711 586 2786 1.
611 2716 647 2789 1,
678 2716 751 2776 llo:
782 2712 866 2774 Certe
892 2715 969 2774 euim
996 2716 1045 2775 hie
1073 2718 1176 2778 nescio
1204 2719 1269 2794 quis

109 2806 252 2881 loquitur.
297 2804 346 2886 Π,
371 2809 405 2888 2,
430 2812 486 2874 26:
512 2811 597 2874 uera
619 2812 697 2870 euim
718 2828 764 2870 me
789 2811 834 2870 illi
858 2819 1048 2886 expectatum
1072 2820 1175 2890 optato
1198 2832 1269 2875 ven·

109 2911 215 2964 turum
233 2906 309 2977 seio.
333 2905 373 2968 ad
397 2922 426 2984 q.
449 2905 470 2969 l.
494 2905 656 2972 Lindum:
681 2910 797 2986 „Eadm
811 2905 844 2970 in
860 2905 1050 2974 affirmativa
1062 2908 1269 2989 responsione

108 3000 202 3078 qnasi
224 3001 380 3068 rationem
403 3003 509 3068 reddit
532 3020 723 3086 suppressae
743 3001 977 3087 affirmationis,
1000 3022 1100 3087 quare
1120 3025 1179 3088 pro
1199 3008 1270 3087 ipsa

106 3095 320 3165 affirmatione
344 3105 394 3165 est
415 3100 466 3166 vel
487 3099 708 3166 affirmativam
723 3101 913 3168 sententiam
930 3103 1079 3168 astruit.“
1102 3103 1190 3168 Asin.
1206 3102 1266 3183 111,

111 3201 144 3275 3,
170 3201 227 3260 24;
252 3200 336 3261 Certe
357 3201 435 3262 euim
457 3209 489 3263 tu
512 3203 583 3262 mihi
607 3199 702 3263 vita’s.

196 3293 215 3357 l.
260 3300 356 3359 Eadm
378 3295 509 3377 antiquo
532 3303 678 3377 tempore
700 3313 763 3360 non
785 3313 880 3362 unam
903 3297 936 3362 in
959 3297 1070 3362 ordine
1093 3296 1267 3362 verborum

109 3389 251 3459 habebat
273 3394 397 3474 sedem,
420 3395 477 3460 sed
501 3399 534 3460 et
556 3396 597 3461 ab
620 3395 711 3460 initio
733 3395 913 3475 ponebatur
936 3399 1059 3475 etpost
1081 3393 1144 3460 alia
1161 3394 1267 3460 verba.

108 3489 173 3570 Sed
195 3491 416 3572 postponitur,
440 3497 477 3560 ut
499 3492 692 3558 sententiam
721 3511 804 3558 nexu
831 3492 934 3574 magis
961 3492 1116 3558 adstricto
1146 3491 1268 3573 iungat.

106 3587 238 3667 aliquod
273 3590 405 3656 verbum
439 3591 531 3670 quasi
564 3589 788 3670 complectens.
834 3589 907 3669 (Sic
941 3590 1086 3655 Handius
1119 3608 1149 3670 p.
1182 3593 1267 3666 397.)

108 3687 251 3752 Lindem.
276 3689 318 3754 ad
341 3687 442 3753 Plaut.
466 3688 580 3769 Amph·
604 3687 650 3767 Π,
675 3691 707 3767 2,
725 3692 781 3752 26:
804 3687 906 3768 „Tum
921 3693 1010 3752 recte
1026 3686 1171 3752 relicitur
1190 3691 1268 3748 eadm

108 3791 183 3864 post
215 3785 354 3864 alterum
388 3785 439 3849 vel
470 3786 602 3852 tertium
637 3785 842 3862 vocabulum,
877 3785 903 3849 si
926 3785 1035 3864 priora
1057 3802 1152 3850 unam
1176 3785 1268 3850 velut

109 3885 270 3948 notionem
294 3881 494 3948 conficiunt.“
529 3884 578 3949 Ab
602 3883 692 3948 initio
720 3889 770 3948 ast
794 3882 934 3962 positum
958 3883 1053 3947 Ennii
1081 3880 1268 3962 Iphigeniae

107 3979 146 4044 fr.
170 3987 200 4060 4,
225 4000 252 4043 v.
277 3985 353 4046 257:
386 3985 464 4043 euim
493 3999 588 4058 neque
616 3984 695 4044 domi
718 3999 797 4044 nune
824 3999 879 4042 nos
907 3997 962 4042 nee
995 3983 1120 4042 militiae
1157 3996 1268 4040 sumus.

108 4078 213 4144 Plano.
237 4077 310 4144 Aul.
333 4077 400 4156 ΙΙΙ,
425 4085 457 4158 d,
482 4082 538 4148 26:
567 4081 661 4142 Eadm
683 4081 755 4140 mihi
778 4079 895 4154 quidem
919 4085 1074 4156 aequomst
1102 4091 1271 4152 purpuram

107 4187 198 4254 atque
223 4193 327 4240 aurum
356 4179 431 4240 dari.
476 4173 568 4254 dape.
596 4174 663 4252 ΙΙΙ,
691 4180 726 4255 4,
757 4179 811 4239 60:
840 4176 934 4238 Eadm
961 4179 1019 4236 iam
1050 4189 1168 4250 nequeo
1196 4187 1270 4232 eon·
