<?xml version="1.0" encoding="UTF-8"?>
<!DOCTYPE html PUBLIC "-//W3C//DTD XHTML 1.0 Transitional//EN"
    "http://www.w3.org/TR/xhtml1/DTD/xhtml1-transitional.dtd">
<html xmlns="http://www.w3.org/1999/xhtml" xml:lang="en" lang="en">
 <head>
  <title>
</title>
<meta http-equiv="Content-Type" content="text/html;charset=utf-8" />
  <meta name='ocr-system' content='tesseract 3.04.00' />
  <meta name='ocr-capabilities' content='ocr_page ocr_carea ocr_par ocr_line ocrx_word'/>
</head>
<body>
  <div class='ocr_page' id='page_1' title='image "./syntaxispriscor02holtgoog_0332.png"; bbox 0 0 3036 4766; ppageno 0'>
   <div class='ocr_carea' id='block_1_1' title="bbox 479 162 1265 232">
    <p class='ocr_par' dir='ltr' id='par_1_1' title="bbox 479 162 1265 232">
     <span class='ocr_line' id='line_1_1' title="bbox 479 162 1265 232; baseline 0.019 -30"><span class='ocrx_word' id='word_1_1' title='bbox 479 162 630 204; x_wconf 77' lang='grc' dir='ltr'><strong>ΒΟΟΤΙΙΙΙΙΔ</strong></span> <span class='ocrx_word' id='word_1_2' title='bbox 644 162 879 204; x_wconf 75' lang='lat' dir='ltr'><strong>Pannlcnhhnml.</strong></span> <span class='ocrx_word' id='word_1_3' title='bbox 1201 169 1265 232; x_wconf 79' lang='lat'><strong>313</strong></span> 
     </span>
    </p>
   </div>
   <div class='ocr_carea' id='block_1_2' title="bbox 12 336 1304 4244">
    <p class='ocr_par' dir='ltr' id='par_1_2' title="bbox 12 336 1304 4244">
     <span class='ocr_line' id='line_1_2' title="bbox 103 336 1264 418; baseline 0.004 -20"><span class='ocrx_word' id='word_1_4' title='bbox 103 346 214 416; x_wconf 81' lang='lat' dir='ltr'><strong>gnatus</strong></span> <span class='ocrx_word' id='word_1_5' title='bbox 237 355 324 414; x_wconf 83' lang='lat' dir='ltr'><strong>qoam</strong></span> <span class='ocrx_word' id='word_1_6' title='bbox 348 357 497 416; x_wconf 86' lang='lat' dir='ltr'><strong>nunqnam</strong></span> <span class='ocrx_word' id='word_1_7' title='bbox 521 343 609 418; x_wconf 84' lang='lat' dir='ltr'><strong>siem,</strong></span> <span class='ocrx_word' id='word_1_8' title='bbox 639 337 754 403; x_wconf 87' lang='lat' dir='ltr'><strong>vocula</strong></span> <span class='ocrx_word' id='word_1_9' title='bbox 782 337 810 402; x_wconf 90' lang='lat' dir='ltr'><strong>si</strong></span> <span class='ocrx_word' id='word_1_10' title='bbox 840 336 1020 418; x_wconf 71' lang='lat' dir='ltr'>eleganter,</span> <span class='ocrx_word' id='word_1_11' title='bbox 1047 337 1106 418; x_wconf 86' lang='lat' dir='ltr'><strong>ait,</strong></span> <span class='ocrx_word' id='word_1_12' title='bbox 1136 337 1264 403; x_wconf 87' lang='lat' dir='ltr'><strong>omissa.</strong></span> 
     </span>
     <span class='ocr_line' id='line_1_3' title="bbox 105 433 1304 517; baseline 0.002 -19"><span class='ocrx_word' id='word_1_13' title='bbox 105 433 151 498; x_wconf 86' lang='lat' dir='ltr'><strong>At</strong></span> <span class='ocrx_word' id='word_1_14' title='bbox 173 433 337 514; x_wconf 81' lang='lat' dir='ltr'><strong>vulgatam</strong></span> <span class='ocrx_word' id='word_1_15' title='bbox 359 453 419 516; x_wconf 88' lang='lat' dir='ltr'><strong>pro</strong></span> <span class='ocrx_word' id='word_1_16' title='bbox 442 453 531 512; x_wconf 69' lang='lat' dir='ltr'><strong>mmm</strong></span> <span class='ocrx_word' id='word_1_17' title='bbox 553 441 581 500; x_wconf 84' lang='lat' dir='ltr'><strong>si</strong></span> <span class='ocrx_word' id='word_1_18' title='bbox 601 437 740 517; x_wconf 76' lang='lat' dir='ltr'><strong>positam</strong></span> <span class='ocrx_word' id='word_1_19' title='bbox 764 439 875 500; x_wconf 91' lang='lat' dir='ltr'><strong>tuetur</strong></span> <span class='ocrx_word' id='word_1_20' title='bbox 898 435 1017 501; x_wconf 84' lang='lat' dir='ltr'><strong>Acidal.</strong></span> <span class='ocrx_word' id='word_1_21' title='bbox 1041 435 1137 501; x_wconf 85' lang='lat' dir='ltr'><strong>divin.</strong></span> <span class='ocrx_word' id='word_1_22' title='bbox 1161 435 1265 500; x_wconf 90' lang='lat' dir='ltr'><strong>Plaut.</strong></span> <span class='ocrx_word' id='word_1_23' title='bbox 1302 503 1304 509; x_wconf 76' lang='grc'><strong>,</strong></span> 
     </span>
     <span class='ocr_line' id='line_1_4' title="bbox 12 531 1267 614; baseline 0.002 -18"><span class='ocrx_word' id='word_1_24' title='bbox 12 605 15 614; x_wconf 44' lang='grc'><strong>,</strong></span> <span class='ocrx_word' id='word_1_25' title='bbox 103 531 147 596; x_wconf 86' lang='lat' dir='ltr'><strong>ed</strong></span> <span class='ocrx_word' id='word_1_26' title='bbox 170 531 343 598; x_wconf 87' lang='lat' dir='ltr'><strong>Trinumm.</strong></span> <span class='ocrx_word' id='word_1_27' title='bbox 368 551 399 614; x_wconf 89' lang='lat' dir='ltr'><strong>p.</strong></span> <span class='ocrx_word' id='word_1_28' title='bbox 423 534 515 600; x_wconf 83' lang='lat'><strong>511.“</strong></span> <span class='ocrx_word' id='word_1_29' title='bbox 540 535 687 600; x_wconf 89' lang='lat' dir='ltr'><strong>Alterum</strong></span> <span class='ocrx_word' id='word_1_30' title='bbox 710 532 890 613; x_wconf 86' lang='lat' dir='ltr'><strong>exemplum</strong></span> <span class='ocrx_word' id='word_1_31' title='bbox 918 537 968 598; x_wconf 89' lang='lat' dir='ltr'><strong>est</strong></span> <span class='ocrx_word' id='word_1_32' title='bbox 991 532 1056 598; x_wconf 90' lang='lat' dir='ltr'><strong>Mil.</strong></span> <span class='ocrx_word' id='word_1_33' title='bbox 1084 533 1135 614; x_wconf 89' lang='lat'><strong>11,</strong></span> <span class='ocrx_word' id='word_1_34' title='bbox 1164 536 1201 612; x_wconf 89' lang='grc'><strong>6,</strong></span> <span class='ocrx_word' id='word_1_35' title='bbox 1233 537 1267 599; x_wconf 82' lang='lat'><strong>2:</strong></span> 
     </span>
     <span class='ocr_line' id='line_1_5' title="bbox 104 629 1264 712; baseline 0.005 -22"><span class='ocrx_word' id='word_1_36' title='bbox 104 631 183 692; x_wconf 83' lang='lat' dir='ltr'><strong>Plus</strong></span> <span class='ocrx_word' id='word_1_37' title='bbox 215 639 302 694; x_wconf 85' lang='lat' dir='ltr'><strong>curat</strong></span> <span class='ocrx_word' id='word_1_38' title='bbox 334 635 423 707; x_wconf 62' lang='lat' dir='ltr'><strong>paam</strong></span> <span class='ocrx_word' id='word_1_39' title='bbox 456 651 514 696; x_wconf 93' lang='lat' dir='ltr'><strong>non</strong></span> <span class='ocrx_word' id='word_1_40' title='bbox 549 637 723 696; x_wconf 83' lang='lat' dir='ltr'><strong>servitutem</strong></span> <span class='ocrx_word' id='word_1_41' title='bbox 758 633 900 712; x_wconf 71' lang='lat' dir='ltr'><strong>servisti,</strong></span> <span class='ocrx_word' id='word_1_42' title='bbox 934 631 976 696; x_wconf 90' lang='lat' dir='ltr'><strong>ad</strong></span> <span class='ocrx_word' id='word_1_43' title='bbox 1005 647 1034 711; x_wconf 89' lang='lat' dir='ltr'><strong>q.</strong></span> <span class='ocrx_word' id='word_1_44' title='bbox 1063 629 1083 695; x_wconf 94' lang='lat' dir='ltr'><strong>l.</strong></span> <span class='ocrx_word' id='word_1_45' title='bbox 1107 631 1264 696; x_wconf 87' lang='lat' dir='ltr'><strong>Lindem.:</strong></span> 
     </span>
     <span class='ocr_line' id='line_1_6' title="bbox 104 728 1266 811; baseline 0.003 -21"><span class='ocrx_word' id='word_1_46' title='bbox 104 731 238 808; x_wconf 79' lang='lat' dir='ltr'><strong>‚,Quoai,</strong></span> <span class='ocrx_word' id='word_1_47' title='bbox 261 730 347 808; x_wconf 83' lang='lat' dir='ltr'><strong>quod</strong></span> <span class='ocrx_word' id='word_1_48' title='bbox 369 729 541 810; x_wconf 80' lang='lat' dir='ltr'><strong>legendum</strong></span> <span class='ocrx_word' id='word_1_49' title='bbox 563 746 634 796; x_wconf 85' lang='lat' dir='ltr'><strong>esse</strong></span> <span class='ocrx_word' id='word_1_50' title='bbox 648 748 707 811; x_wconf 87' lang='lat' dir='ltr'><strong>pro</strong></span> <span class='ocrx_word' id='word_1_51' title='bbox 729 728 861 811; x_wconf 83' lang='lat' dir='ltr'><strong>vulgato</strong></span> <span class='ocrx_word' id='word_1_52' title='bbox 884 749 974 806; x_wconf 78' lang='lat' dir='ltr'><strong>qaam</strong></span> <span class='ocrx_word' id='word_1_53' title='bbox 995 734 1023 793; x_wconf 78' lang='lat' dir='ltr'><strong>si</strong></span> <span class='ocrx_word' id='word_1_54' title='bbox 1045 745 1158 794; x_wconf 86' lang='lat' dir='ltr'><strong>versus</strong></span> <span class='ocrx_word' id='word_1_55' title='bbox 1173 746 1266 809; x_wconf 88' lang='lat' dir='ltr'><strong>prae-</strong></span> 
     </span>
     <span class='ocr_line' id='line_1_7' title="bbox 104 825 1268 910; baseline 0.001 -20"><span class='ocrx_word' id='word_1_56' title='bbox 104 825 184 907; x_wconf 85' lang='lat' dir='ltr'><strong>cipit</strong></span> <span class='ocrx_word' id='word_1_57' title='bbox 206 825 349 906; x_wconf 85' lang='lat' dir='ltr'><strong>vidltqoe</strong></span> <span class='ocrx_word' id='word_1_58' title='bbox 368 826 542 907; x_wconf 79' lang='lat' dir='ltr'><strong>Acidalius</strong></span> <span class='ocrx_word' id='word_1_59' title='bbox 559 832 633 910; x_wconf 88' lang='lat' dir='ltr'><strong>post</strong></span> <span class='ocrx_word' id='word_1_60' title='bbox 648 827 899 910; x_wconf 87' lang='lat' dir='ltr'><strong>comparativum</strong></span> <span class='ocrx_word' id='word_1_61' title='bbox 916 827 1012 892; x_wconf 89' lang='lat' dir='ltr'><strong>etiam</strong></span> <span class='ocrx_word' id='word_1_62' title='bbox 1028 828 1133 894; x_wconf 85' lang='lat' dir='ltr'><strong>locum</strong></span> <span class='ocrx_word' id='word_1_63' title='bbox 1149 825 1268 891; x_wconf 82' lang='lat' dir='ltr'><strong>hahere</strong></span> 
     </span>
     <span class='ocr_line' id='line_1_8' title="bbox 104 922 1266 1005; baseline 0 -18"><span class='ocrx_word' id='word_1_64' title='bbox 104 922 168 988; x_wconf 89' lang='lat' dir='ltr'><strong>hoo</strong></span> <span class='ocrx_word' id='word_1_65' title='bbox 195 923 376 1005; x_wconf 84' lang='lat' dir='ltr'><strong>exemplum</strong></span> <span class='ocrx_word' id='word_1_66' title='bbox 406 943 469 990; x_wconf 93' lang='lat' dir='ltr'><strong>non</strong></span> <span class='ocrx_word' id='word_1_67' title='bbox 493 925 625 992; x_wconf 90' lang='lat' dir='ltr'><strong>dubium</strong></span> <span class='ocrx_word' id='word_1_68' title='bbox 655 925 829 994; x_wconf 88' lang='lat' dir='ltr'><strong>ostendit.“</strong></span> <span class='ocrx_word' id='word_1_69' title='bbox 865 925 1092 990; x_wconf 87' lang='lat' dir='ltr'><strong>Numeralihus</strong></span> <span class='ocrx_word' id='word_1_70' title='bbox 1123 923 1266 989; x_wconf 78' lang='lat' dir='ltr'><strong>additum</strong></span> 
     </span>
     <span class='ocr_line' id='line_1_9' title="bbox 103 1019 1270 1103; baseline -0.002 -17"><span class='ocrx_word' id='word_1_71' title='bbox 103 1019 267 1103; x_wconf 79' lang='lat' dir='ltr'><strong>siguificat</strong></span> <span class='ocrx_word' id='word_1_72' title='bbox 298 1024 378 1103; x_wconf 77' lang='lat' dir='ltr'><strong>fere,</strong></span> <span class='ocrx_word' id='word_1_73' title='bbox 412 1027 538 1090; x_wconf 65' lang='lat' dir='ltr'><strong>domm.</strong></span> <span class='ocrx_word' id='word_1_74' title='bbox 584 1023 636 1090; x_wconf 84' lang='lat' dir='ltr'><strong>Sit</strong></span> <span class='ocrx_word' id='word_1_75' title='bbox 664 1024 760 1090; x_wconf 86' lang='lat' dir='ltr'><strong>Most.</strong></span> <span class='ocrx_word' id='word_1_76' title='bbox 788 1024 851 1103; x_wconf 92' lang='grc' dir='ltr'><strong>ΙΙΙ,</strong></span> <span class='ocrx_word' id='word_1_77' title='bbox 890 1029 921 1103; x_wconf 92' lang='grc' dir='ltr'><strong>Ι,</strong></span> <span class='ocrx_word' id='word_1_78' title='bbox 958 1028 1013 1088; x_wconf 80' lang='lat'><strong>95:</strong></span> <span class='ocrx_word' id='word_1_79' title='bbox 1049 1027 1144 1086; x_wconf 86' lang='lat' dir='ltr'><strong>Huice</strong></span> <span class='ocrx_word' id='word_1_80' title='bbox 1177 1025 1270 1086; x_wconf 90' lang='lat' dir='ltr'><strong>dehet</strong></span> 
     </span>
     <span class='ocr_line' id='line_1_10' title="bbox 105 1120 1266 1201; baseline 0.003 -19"><span class='ocrx_word' id='word_1_81' title='bbox 105 1123 300 1187; x_wconf 75' lang='lat' dir='ltr'><strong>Philolaches</strong></span> <span class='ocrx_word' id='word_1_82' title='bbox 335 1153 377 1168; x_wconf 86' lang='lat'><strong>·-</strong></span> <span class='ocrx_word' id='word_1_83' title='bbox 405 1124 501 1198; x_wconf 75' lang='lat' dir='ltr'><strong>Quasi</strong></span> <span class='ocrx_word' id='word_1_84' title='bbox 533 1125 731 1201; x_wconf 73' lang='lat' dir='ltr'><strong>quadraginta</strong></span> <span class='ocrx_word' id='word_1_85' title='bbox 764 1125 871 1200; x_wconf 86' lang='lat' dir='ltr'><strong>minas,</strong></span> <span class='ocrx_word' id='word_1_86' title='bbox 904 1140 934 1185; x_wconf 87' lang='lat' dir='ltr'><strong>v.</strong></span> <span class='ocrx_word' id='word_1_87' title='bbox 968 1121 1100 1186; x_wconf 87' lang='lat' dir='ltr'><strong>Taubm.</strong></span> <span class='ocrx_word' id='word_1_88' title='bbox 1137 1120 1266 1185; x_wconf 82' lang='lat' dir='ltr'><strong>Terent.</strong></span> 
     </span>
     <span class='ocr_line' id='line_1_11' title="bbox 104 1217 1266 1300; baseline -0.002 -18"><span class='ocrx_word' id='word_1_89' title='bbox 104 1217 222 1284; x_wconf 81' lang='lat' dir='ltr'><strong>Heent</strong></span> <span class='ocrx_word' id='word_1_90' title='bbox 245 1217 278 1296; x_wconf 90' lang='grc' dir='ltr'><strong>Ι,</strong></span> <span class='ocrx_word' id='word_1_91' title='bbox 305 1224 338 1300; x_wconf 88' lang='lat'><strong>1,</strong></span> <span class='ocrx_word' id='word_1_92' title='bbox 364 1225 438 1286; x_wconf 82' lang='lat'>194:</span> <span class='ocrx_word' id='word_1_93' title='bbox 462 1223 629 1282; x_wconf 78' lang='lat' dir='ltr'><strong>mercedem</strong></span> <span class='ocrx_word' id='word_1_94' title='bbox 652 1224 740 1296; x_wconf 76' lang='lat' dir='ltr'><strong>quasi</strong></span> <span class='ocrx_word' id='word_1_95' title='bbox 761 1225 877 1283; x_wconf 84' lang='lat' dir='ltr'><strong>talento</strong></span> <span class='ocrx_word' id='word_1_96' title='bbox 907 1222 945 1282; x_wconf 90' lang='lat' dir='ltr'><strong>ad</strong></span> <span class='ocrx_word' id='word_1_97' title='bbox 972 1219 1139 1294; x_wconf 75' lang='lat' dir='ltr'><strong>pahtdeeim</strong></span> <span class='ocrx_word' id='word_1_98' title='bbox 1165 1221 1266 1295; x_wconf 75' lang='lat' dir='ltr'><strong>coegi,</strong></span> 
     </span>
     <span class='ocr_line' id='line_1_12' title="bbox 105 1314 1266 1399; baseline -0.002 -19"><span class='ocrx_word' id='word_1_99' title='bbox 105 1315 147 1380; x_wconf 89' lang='lat' dir='ltr'><strong>ad</strong></span> <span class='ocrx_word' id='word_1_100' title='bbox 170 1333 200 1395; x_wconf 86' lang='lat' dir='ltr'><strong>q.</strong></span> <span class='ocrx_word' id='word_1_101' title='bbox 224 1315 245 1382; x_wconf 90' lang='lat' dir='ltr'><strong>l.</strong></span> <span class='ocrx_word' id='word_1_102' title='bbox 267 1316 341 1382; x_wconf 84' lang='lat' dir='ltr'><strong>vide</strong></span> <span class='ocrx_word' id='word_1_103' title='bbox 362 1317 490 1384; x_wconf 85' lang='lat' dir='ltr'><strong>Ruhnk·</strong></span> <span class='ocrx_word' id='word_1_104' title='bbox 534 1317 607 1383; x_wconf 90' lang='lat' dir='ltr'><strong>Non</strong></span> <span class='ocrx_word' id='word_1_105' title='bbox 629 1318 801 1384; x_wconf 87' lang='lat' dir='ltr'><strong>obliterata</strong></span> <span class='ocrx_word' id='word_1_106' title='bbox 823 1314 1056 1399; x_wconf 78' lang='lat' dir='ltr'><strong>significatione</strong></span> <span class='ocrx_word' id='word_1_107' title='bbox 1069 1334 1099 1379; x_wconf 81' lang='lat' dir='ltr'><strong>v.</strong></span> <span class='ocrx_word' id='word_1_108' title='bbox 1114 1319 1160 1394; x_wconf 77' lang='lat' dir='ltr'><strong>si,</strong></span> <span class='ocrx_word' id='word_1_109' title='bbox 1184 1332 1266 1396; x_wconf 85' lang='lat' dir='ltr'><strong>quae</strong></span> 
     </span>
     <span class='ocr_line' id='line_1_13' title="bbox 105 1412 1268 1498; baseline -0.003 -19"><span class='ocrx_word' id='word_1_110' title='bbox 105 1413 139 1479; x_wconf 91' lang='lat' dir='ltr'><strong>in</strong></span> <span class='ocrx_word' id='word_1_111' title='bbox 162 1417 250 1490; x_wconf 67' lang='lat' dir='ltr'><strong>paam</strong></span> <span class='ocrx_word' id='word_1_112' title='bbox 271 1415 466 1496; x_wconf 80' lang='lat' dir='ltr'><strong>continetur,</strong></span> <span class='ocrx_word' id='word_1_113' title='bbox 496 1415 653 1482; x_wconf 88' lang='lat' dir='ltr'><strong>seditem</strong></span> <span class='ocrx_word' id='word_1_114' title='bbox 679 1433 739 1498; x_wconf 88' lang='lat' dir='ltr'><strong>per</strong></span> <span class='ocrx_word' id='word_1_115' title='bbox 766 1419 963 1482; x_wconf 85' lang='lat' dir='ltr'><strong>contractam</strong></span> <span class='ocrx_word' id='word_1_116' title='bbox 993 1415 1170 1481; x_wconf 88' lang='lat' dir='ltr'><strong>orationem</strong></span> <span class='ocrx_word' id='word_1_117' title='bbox 1199 1412 1268 1478; x_wconf 83' lang='lat' dir='ltr'><strong>sive</strong></span> 
     </span>
     <span class='ocr_line' id='line_1_14' title="bbox 106 1511 1267 1594; baseline -0.003 -16"><span class='ocrx_word' id='word_1_118' title='bbox 106 1511 233 1593; x_wconf 83' lang='lat' dir='ltr'><strong>ellipsin</strong></span> <span class='ocrx_word' id='word_1_119' title='bbox 264 1513 382 1578; x_wconf 88' lang='lat' dir='ltr'><strong>dicitur</strong></span> <span class='ocrx_word' id='word_1_120' title='bbox 410 1513 506 1580; x_wconf 89' lang='lat' dir='ltr'><strong>etiam</strong></span> <span class='ocrx_word' id='word_1_121' title='bbox 534 1517 621 1590; x_wconf 70' lang='lat' dir='ltr'><strong>quasa</strong></span> <span class='ocrx_word' id='word_1_122' title='bbox 648 1518 686 1578; x_wconf 78' lang='lat' dir='ltr'><strong>st.</strong></span> <span class='ocrx_word' id='word_1_123' title='bbox 740 1514 791 1581; x_wconf 86' lang='lat' dir='ltr'><strong>Sic</strong></span> <span class='ocrx_word' id='word_1_124' title='bbox 811 1513 917 1580; x_wconf 86' lang='lat' dir='ltr'><strong>Plaut</strong></span> <span class='ocrx_word' id='word_1_125' title='bbox 942 1512 1056 1593; x_wconf 87' lang='lat' dir='ltr'><strong>Amph.</strong></span> <span class='ocrx_word' id='word_1_126' title='bbox 1080 1511 1118 1594; x_wconf 91' lang='lat' dir='ltr'><strong>V,</strong></span> <span class='ocrx_word' id='word_1_127' title='bbox 1149 1515 1184 1590; x_wconf 88' lang='lat'><strong>1,</strong></span> <span class='ocrx_word' id='word_1_128' title='bbox 1208 1513 1267 1576; x_wconf 79' lang='lat'><strong>26:</strong></span> 
     </span>
     <span class='ocr_line' id='line_1_15' title="bbox 105 1609 1268 1693; baseline 0 -19"><span class='ocrx_word' id='word_1_129' title='bbox 105 1614 174 1674; x_wconf 87' lang='lat' dir='ltr'><strong>Non</strong></span> <span class='ocrx_word' id='word_1_130' title='bbox 198 1629 285 1675; x_wconf 85' lang='lat' dir='ltr'><strong>secus</strong></span> <span class='ocrx_word' id='word_1_131' title='bbox 308 1622 355 1675; x_wconf 88' lang='lat' dir='ltr'><strong>est</strong></span> <span class='ocrx_word' id='word_1_132' title='bbox 377 1615 465 1687; x_wconf 75' lang='lat' dir='ltr'><strong>qenai</strong></span> <span class='ocrx_word' id='word_1_133' title='bbox 486 1615 513 1676; x_wconf 77' lang='lat' dir='ltr'><strong>si</strong></span> <span class='ocrx_word' id='word_1_134' title='bbox 534 1616 572 1676; x_wconf 94' lang='lat' dir='ltr'><strong>ah</strong></span> <span class='ocrx_word' id='word_1_135' title='bbox 595 1615 768 1676; x_wconf 79' lang='lat' dir='ltr'><strong>Acherunte</strong></span> <span class='ocrx_word' id='word_1_136' title='bbox 792 1616 925 1693; x_wconf 85' lang='lat' dir='ltr'><strong>veniam,</strong></span> <span class='ocrx_word' id='word_1_137' title='bbox 953 1612 1046 1692; x_wconf 87' lang='lat' dir='ltr'><strong>adq.</strong></span> <span class='ocrx_word' id='word_1_138' title='bbox 1069 1611 1089 1675; x_wconf 91' lang='lat' dir='ltr'><strong>l.</strong></span> <span class='ocrx_word' id='word_1_139' title='bbox 1105 1609 1268 1675; x_wconf 68' lang='lat' dir='ltr'><strong>ninom:</strong></span> 
     </span>
     <span class='ocr_line' id='line_1_16' title="bbox 107 1707 1267 1792; baseline -0.002 -20"><span class='ocrx_word' id='word_1_140' title='bbox 107 1712 223 1790; x_wconf 78' lang='lat' dir='ltr'><strong>„Quasi</strong></span> <span class='ocrx_word' id='word_1_141' title='bbox 244 1713 271 1772; x_wconf 78' lang='lat' dir='ltr'><strong>sa·</strong></span> <span class='ocrx_word' id='word_1_142' title='bbox 292 1708 406 1774; x_wconf 89' lang='lat' dir='ltr'><strong>Plauto</strong></span> <span class='ocrx_word' id='word_1_143' title='bbox 430 1709 581 1776; x_wconf 81' lang='lat' dir='ltr'><strong>usitatius</strong></span> <span class='ocrx_word' id='word_1_144' title='bbox 607 1715 658 1776; x_wconf 87' lang='lat' dir='ltr'><strong>est</strong></span> <span class='ocrx_word' id='word_1_145' title='bbox 681 1708 791 1792; x_wconf 88' lang='lat' dir='ltr'><strong>[quam</strong></span> <span class='ocrx_word' id='word_1_146' title='bbox 814 1729 903 1787; x_wconf 73' lang='lat' dir='ltr'><strong>naum</strong></span> <span class='ocrx_word' id='word_1_147' title='bbox 925 1707 965 1791; x_wconf 77' lang='lat' dir='ltr'><strong>st]</strong></span> <span class='ocrx_word' id='word_1_148' title='bbox 989 1714 1064 1792; x_wconf 92' lang='lat' dir='ltr'><strong>post</strong></span> <span class='ocrx_word' id='word_1_149' title='bbox 1084 1727 1134 1774; x_wconf 87' lang='lat' dir='ltr'><strong>vv.</strong></span> <span class='ocrx_word' id='word_1_150' title='bbox 1166 1725 1267 1786; x_wconf 76' lang='lat' dir='ltr'><strong>aeque,</strong></span> 
     </span>
     <span class='ocr_line' id='line_1_17' title="bbox 105 1806 1267 1886; baseline 0 -16"><span class='ocrx_word' id='word_1_151' title='bbox 105 1825 202 1886; x_wconf 73' lang='lat' dir='ltr'><strong>semo,</strong></span> <span class='ocrx_word' id='word_1_152' title='bbox 225 1807 349 1872; x_wconf 89' lang='lat' dir='ltr'><strong>similia.</strong></span> <span class='ocrx_word' id='word_1_153' title='bbox 393 1807 537 1873; x_wconf 81' lang='lat' dir='ltr'><strong>Eandem</strong></span> <span class='ocrx_word' id='word_1_154' title='bbox 562 1806 732 1874; x_wconf 79' lang='lat' dir='ltr'><strong>formulam</strong></span> <span class='ocrx_word' id='word_1_155' title='bbox 762 1809 859 1874; x_wconf 90' lang='lat' dir='ltr'><strong>etiam</strong></span> <span class='ocrx_word' id='word_1_156' title='bbox 887 1809 964 1874; x_wconf 89' lang='lat' dir='ltr'><strong>alibi</strong></span> <span class='ocrx_word' id='word_1_157' title='bbox 994 1807 1108 1872; x_wconf 88' lang='lat' dir='ltr'><strong>Plauto</strong></span> <span class='ocrx_word' id='word_1_158' title='bbox 1135 1806 1267 1871; x_wconf 88' lang='lat' dir='ltr'><strong>restitu-</strong></span> 
     </span>
     <span class='ocr_line' id='line_1_18' title="bbox 107 1903 1263 1988; baseline -0.002 -18"><span class='ocrx_word' id='word_1_159' title='bbox 107 1905 222 1971; x_wconf 87' lang='lat' dir='ltr'><strong>endam</strong></span> <span class='ocrx_word' id='word_1_160' title='bbox 251 1913 370 1986; x_wconf 90' lang='lat' dir='ltr'><strong>putem.</strong></span> <span class='ocrx_word' id='word_1_161' title='bbox 419 1905 544 1988; x_wconf 80' lang='lat' dir='ltr'><strong>Inque</strong></span> <span class='ocrx_word' id='word_1_162' title='bbox 571 1905 707 1972; x_wconf 86' lang='lat' dir='ltr'><strong>formula</strong></span> <span class='ocrx_word' id='word_1_163' title='bbox 734 1926 763 1971; x_wconf 87' lang='lat' dir='ltr'><strong>v.</strong></span> <span class='ocrx_word' id='word_1_164' title='bbox 785 1911 873 1983; x_wconf 76' lang='lat' dir='ltr'><strong>oaesi</strong></span> <span class='ocrx_word' id='word_1_165' title='bbox 902 1925 960 1987; x_wconf 91' lang='lat' dir='ltr'><strong>pro</strong></span> <span class='ocrx_word' id='word_1_166' title='bbox 990 1912 1133 1982; x_wconf 63' lang='lat' dir='ltr'><strong>masuam</strong></span> <span class='ocrx_word' id='word_1_167' title='bbox 1161 1903 1263 1984; x_wconf 85' lang='lat' dir='ltr'><strong>accipi</strong></span> 
     </span>
     <span class='ocr_line' id='line_1_19' title="bbox 107 2004 1268 2086; baseline -0.001 -19"><span class='ocrx_word' id='word_1_168' title='bbox 107 2009 256 2084; x_wconf 80' lang='lat' dir='ltr'><strong>coeptum</strong></span> <span class='ocrx_word' id='word_1_169' title='bbox 285 2007 350 2083; x_wconf 81' lang='lat' dir='ltr'><strong>est,</strong></span> <span class='ocrx_word' id='word_1_170' title='bbox 382 2006 646 2084; x_wconf 85' lang='lat' dir='ltr'><strong>quemadmodum</strong></span> <span class='ocrx_word' id='word_1_171' title='bbox 669 2004 828 2086; x_wconf 87' lang='lat' dir='ltr'><strong>particula</strong></span> <span class='ocrx_word' id='word_1_172' title='bbox 856 2008 933 2084; x_wconf 77' lang='lat' dir='ltr'><strong>aial,</strong></span> <span class='ocrx_word' id='word_1_173' title='bbox 963 2004 1111 2085; x_wconf 79' lang='lat' dir='ltr'><strong>neglecta</strong></span> <span class='ocrx_word' id='word_1_174' title='bbox 1137 2007 1164 2066; x_wconf 79' lang='lat' dir='ltr'><strong>si</strong></span> <span class='ocrx_word' id='word_1_175' title='bbox 1194 2020 1268 2068; x_wconf 91' lang='lat' dir='ltr'><strong>oon-</strong></span> 
     </span>
     <span class='ocr_line' id='line_1_20' title="bbox 106 2101 1268 2182; baseline -0.003 -16"><span class='ocrx_word' id='word_1_176' title='bbox 106 2101 277 2179; x_wconf 78' lang='lat' dir='ltr'><strong>iunctione</strong></span> <span class='ocrx_word' id='word_1_177' title='bbox 301 2101 492 2168; x_wconf 77' lang='lat' dir='ltr'><strong>exclusionis</strong></span> <span class='ocrx_word' id='word_1_178' title='bbox 506 2107 632 2168; x_wconf 85' lang='lat' dir='ltr'><strong>tentum</strong></span> <span class='ocrx_word' id='word_1_179' title='bbox 649 2103 711 2168; x_wconf 90' lang='lat' dir='ltr'><strong>virn</strong></span> <span class='ocrx_word' id='word_1_180' title='bbox 734 2103 874 2176; x_wconf 73' lang='lat' dir='ltr'><strong>retinuit,</strong></span> <span class='ocrx_word' id='word_1_181' title='bbox 892 2121 955 2182; x_wconf 89' lang='lat' dir='ltr'><strong>qua</strong></span> <span class='ocrx_word' id='word_1_182' title='bbox 976 2103 1018 2167; x_wconf 91' lang='lat' dir='ltr'><strong>de</strong></span> <span class='ocrx_word' id='word_1_183' title='bbox 1034 2119 1130 2166; x_wconf 84' lang='lat' dir='ltr'><strong>causa</strong></span> <span class='ocrx_word' id='word_1_184' title='bbox 1145 2105 1268 2182; x_wconf 88' lang='lat' dir='ltr'><strong>postea,</strong></span> 
     </span>
     <span class='ocr_line' id='line_1_21' title="bbox 106 2199 1268 2282; baseline -0.002 -18"><span class='ocrx_word' id='word_1_185' title='bbox 106 2199 161 2264; x_wconf 91' lang='lat' dir='ltr'><strong>ubi</strong></span> <span class='ocrx_word' id='word_1_186' title='bbox 184 2201 406 2266; x_wconf 90' lang='lat' dir='ltr'><strong>coniunctione</strong></span> <span class='ocrx_word' id='word_1_187' title='bbox 428 2217 511 2280; x_wconf 89' lang='lat' dir='ltr'><strong>opus</strong></span> <span class='ocrx_word' id='word_1_188' title='bbox 533 2206 634 2282; x_wconf 85' lang='lat' dir='ltr'><strong>esset,</strong></span> <span class='ocrx_word' id='word_1_189' title='bbox 662 2201 817 2266; x_wconf 81' lang='lat' dir='ltr'><strong>sidenuo</strong></span> <span class='ocrx_word' id='word_1_190' title='bbox 844 2201 1018 2265; x_wconf 85' lang='lat' dir='ltr'><strong>additum.“</strong></span> <span class='ocrx_word' id='word_1_191' title='bbox 1052 2201 1140 2265; x_wconf 78' lang='lat' dir='ltr'><strong>Asin.</strong></span> <span class='ocrx_word' id='word_1_192' title='bbox 1169 2199 1207 2277; x_wconf 89' lang='lat' dir='ltr'><strong>V,</strong></span> <span class='ocrx_word' id='word_1_193' title='bbox 1239 2204 1268 2278; x_wconf 91' lang='lat'><strong>1,</strong></span> 
     </span>
     <span class='ocr_line' id='line_1_22' title="bbox 108 2299 1271 2376; baseline -0.004 -14"><span class='ocrx_word' id='word_1_194' title='bbox 108 2302 165 2362; x_wconf 93' lang='lat' dir='ltr'><strong>ll:</strong></span> <span class='ocrx_word' id='word_1_195' title='bbox 189 2302 294 2360; x_wconf 87' lang='lat' dir='ltr'><strong>Putem</strong></span> <span class='ocrx_word' id='word_1_196' title='bbox 317 2317 372 2375; x_wconf 79' lang='lat' dir='ltr'><strong>ego</strong></span> <span class='ocrx_word' id='word_1_197' title='bbox 394 2317 481 2376; x_wconf 88' lang='lat' dir='ltr'><strong>quem</strong></span> <span class='ocrx_word' id='word_1_198' title='bbox 504 2302 620 2362; x_wconf 87' lang='lat' dir='ltr'><strong>videam</strong></span> <span class='ocrx_word' id='word_1_199' title='bbox 643 2319 709 2362; x_wconf 91' lang='lat' dir='ltr'><strong>esse</strong></span> <span class='ocrx_word' id='word_1_200' title='bbox 737 2310 901 2374; x_wconf 86' lang='lat' dir='ltr'><strong>maestum,</strong></span> <span class='ocrx_word' id='word_1_201' title='bbox 929 2302 1017 2374; x_wconf 75' lang='lat' dir='ltr'><strong>puoso·</strong></span> <span class='ocrx_word' id='word_1_202' title='bbox 1044 2301 1107 2360; x_wconf 87' lang='lat' dir='ltr'><strong>dies</strong></span> <span class='ocrx_word' id='word_1_203' title='bbox 1135 2301 1163 2360; x_wconf 81' lang='lat' dir='ltr'><strong>st</strong></span> <span class='ocrx_word' id='word_1_204' title='bbox 1190 2299 1271 2364; x_wconf 88' lang='lat' dir='ltr'><strong>dicta</strong></span> 
     </span>
     <span class='ocr_line' id='line_1_23' title="bbox 108 2393 1268 2476; baseline -0.001 -18"><span class='ocrx_word' id='word_1_205' title='bbox 108 2397 169 2458; x_wconf 85' lang='lat' dir='ltr'><strong>sit?</strong></span> <span class='ocrx_word' id='word_1_206' title='bbox 203 2395 274 2460; x_wconf 84' lang='lat' dir='ltr'><strong>Cas.</strong></span> <span class='ocrx_word' id='word_1_207' title='bbox 290 2393 370 2475; x_wconf 88' lang='lat' dir='ltr'><strong>prol.</strong></span> <span class='ocrx_word' id='word_1_208' title='bbox 387 2415 417 2460; x_wconf 81' lang='lat' dir='ltr'><strong>v.</strong></span> <span class='ocrx_word' id='word_1_209' title='bbox 434 2401 491 2460; x_wconf 82' lang='lat'><strong>46:</strong></span> <span class='ocrx_word' id='word_1_210' title='bbox 514 2400 652 2476; x_wconf 75' lang='lat' dir='ltr'><strong>Quosiei</strong></span> <span class='ocrx_word' id='word_1_211' title='bbox 672 2409 754 2462; x_wconf 81' lang='lat' dir='ltr'><strong>esset</strong></span> <span class='ocrx_word' id='word_1_212' title='bbox 769 2419 807 2461; x_wconf 87' lang='lat' dir='ltr'><strong>ex</strong></span> <span class='ocrx_word' id='word_1_213' title='bbox 830 2418 862 2461; x_wconf 88' lang='lat' dir='ltr'><strong>se</strong></span> <span class='ocrx_word' id='word_1_214' title='bbox 879 2407 958 2473; x_wconf 90' lang='lat' dir='ltr'><strong>nata,</strong></span> <span class='ocrx_word' id='word_1_215' title='bbox 982 2417 1041 2458; x_wconf 88' lang='lat' dir='ltr'><strong>uon</strong></span> <span class='ocrx_word' id='word_1_216' title='bbox 1064 2399 1156 2456; x_wconf 89' lang='lat' dir='ltr'><strong>multo</strong></span> <span class='ocrx_word' id='word_1_217' title='bbox 1173 2413 1268 2457; x_wconf 88' lang='lat' dir='ltr'><strong>secus.</strong></span> 
     </span>
     <span class='ocr_line' id='line_1_24' title="bbox 192 2491 1267 2576; baseline -0.004 -20"><span class='ocrx_word' id='word_1_218' title='bbox 192 2495 318 2571; x_wconf 77' lang='lat' dir='ltr'><strong>Quidem</strong></span> <span class='ocrx_word' id='word_1_219' title='bbox 348 2494 516 2576; x_wconf 84' lang='lat' dir='ltr'><strong>restringit</strong></span> <span class='ocrx_word' id='word_1_220' title='bbox 543 2513 644 2576; x_wconf 89' lang='lat' dir='ltr'><strong>eoque</strong></span> <span class='ocrx_word' id='word_1_221' title='bbox 671 2495 809 2562; x_wconf 89' lang='lat' dir='ltr'><strong>intendit</strong></span> <span class='ocrx_word' id='word_1_222' title='bbox 837 2497 998 2560; x_wconf 88' lang='lat' dir='ltr'><strong>notionem</strong></span> <span class='ocrx_word' id='word_1_223' title='bbox 1026 2491 1267 2558; x_wconf 86' lang='lat' dir='ltr'><strong>enunoietionis.</strong></span> 
     </span>
     <span class='ocr_line' id='line_1_25' title="bbox 104 2589 1269 2676; baseline -0.003 -21"><span class='ocrx_word' id='word_1_224' title='bbox 104 2590 257 2672; x_wconf 85' lang='lat' dir='ltr'><strong>Inprimis</strong></span> <span class='ocrx_word' id='word_1_225' title='bbox 278 2590 466 2672; x_wconf 84' lang='lat' dir='ltr'><strong>frequenter</strong></span> <span class='ocrx_word' id='word_1_226' title='bbox 494 2593 681 2676; x_wconf 73' lang='lat' dir='ltr'><strong>adiungitur</strong></span> <span class='ocrx_word' id='word_1_227' title='bbox 703 2594 958 2674; x_wconf 82' lang='lat' dir='ltr'><strong>pronominibus,</strong></span> <span class='ocrx_word' id='word_1_228' title='bbox 981 2592 1116 2656; x_wconf 81' lang='lat' dir='ltr'><strong>menime</strong></span> <span class='ocrx_word' id='word_1_229' title='bbox 1139 2589 1269 2654; x_wconf 88' lang='lat' dir='ltr'><strong>demon-</strong></span> 
     </span>
     <span class='ocr_line' id='line_1_26' title="bbox 20 2686 1269 2774; baseline -0.002 -20"><span class='ocrx_word' id='word_1_230' title='bbox 20 2707 23 2718; x_wconf 92' lang='lat'>·</span> <span class='ocrx_word' id='word_1_231' title='bbox 104 2689 264 2768; x_wconf 77' lang='lat' dir='ltr'><strong>emetiris,</strong></span> <span class='ocrx_word' id='word_1_232' title='bbox 289 2692 345 2756; x_wconf 88' lang='lat' dir='ltr'><strong>sed</strong></span> <span class='ocrx_word' id='word_1_233' title='bbox 360 2693 458 2757; x_wconf 89' lang='lat' dir='ltr'><strong>etiam</strong></span> <span class='ocrx_word' id='word_1_234' title='bbox 471 2693 763 2774; x_wconf 86' lang='lat' dir='ltr'><strong>coniunctionibus,</strong></span> <span class='ocrx_word' id='word_1_235' title='bbox 786 2697 823 2758; x_wconf 89' lang='lat' dir='ltr'><strong>ut</strong></span> <span class='ocrx_word' id='word_1_236' title='bbox 845 2712 920 2771; x_wconf 86' lang='lat' dir='ltr'><strong>eum,</strong></span> <span class='ocrx_word' id='word_1_237' title='bbox 943 2698 986 2762; x_wconf 81' lang='lat' dir='ltr'><strong>ot,</strong></span> <span class='ocrx_word' id='word_1_238' title='bbox 1008 2693 1045 2769; x_wconf 78' lang='lat' dir='ltr'><strong>si,</strong></span> <span class='ocrx_word' id='word_1_239' title='bbox 1063 2692 1133 2752; x_wconf 78' lang='lat' dir='ltr'><strong>atsi.</strong></span> <span class='ocrx_word' id='word_1_240' title='bbox 1165 2686 1269 2752; x_wconf 88' lang='lat' dir='ltr'><strong>Maior</strong></span> 
     </span>
     <span class='ocr_line' id='line_1_27' title="bbox 105 2787 1269 2872; baseline -0.004 -20"><span class='ocrx_word' id='word_1_241' title='bbox 105 2789 155 2852; x_wconf 84' lang='lat' dir='ltr'><strong>vis</strong></span> <span class='ocrx_word' id='word_1_242' title='bbox 178 2788 308 2854; x_wconf 89' lang='lat' dir='ltr'><strong>additor</strong></span> <span class='ocrx_word' id='word_1_243' title='bbox 330 2789 509 2870; x_wconf 89' lang='lat' dir='ltr'><strong>particulae</strong></span> <span class='ocrx_word' id='word_1_244' title='bbox 531 2791 679 2872; x_wconf 87' lang='lat' dir='ltr'><strong>apposito</strong></span> <span class='ocrx_word' id='word_1_245' title='bbox 701 2798 794 2854; x_wconf 82' lang='lat' dir='ltr'><strong>corte:</strong></span> <span class='ocrx_word' id='word_1_246' title='bbox 822 2791 960 2872; x_wconf 87' lang='lat' dir='ltr'><strong>denique</strong></span> <span class='ocrx_word' id='word_1_247' title='bbox 982 2789 1078 2855; x_wconf 86' lang='lat' dir='ltr'><strong>etiem</strong></span> <span class='ocrx_word' id='word_1_248' title='bbox 1102 2787 1269 2863; x_wconf 74' lang='lat' dir='ltr'><strong>etquidem</strong></span> 
     </span>
     <span class='ocr_line' id='line_1_28' title="bbox 104 2885 1268 2966; baseline -0.002 -15"><span class='ocrx_word' id='word_1_249' title='bbox 104 2885 225 2952; x_wconf 90' lang='lat' dir='ltr'><strong>dicitur</strong></span> <span class='ocrx_word' id='word_1_250' title='bbox 255 2886 297 2952; x_wconf 88' lang='lat' dir='ltr'><strong>ed</strong></span> <span class='ocrx_word' id='word_1_251' title='bbox 332 2904 428 2953; x_wconf 90' lang='lat' dir='ltr'><strong>unam</strong></span> <span class='ocrx_word' id='word_1_252' title='bbox 458 2889 619 2956; x_wconf 91' lang='lat' dir='ltr'><strong>notionem</strong></span> <span class='ocrx_word' id='word_1_253' title='bbox 652 2887 889 2954; x_wconf 78' lang='lat' dir='ltr'><strong>intendendam.</strong></span> <span class='ocrx_word' id='word_1_254' title='bbox 939 2908 969 2953; x_wconf 83' lang='lat' dir='ltr'><strong>r.</strong></span> <span class='ocrx_word' id='word_1_255' title='bbox 999 2885 1118 2966; x_wconf 84' lang='lat' dir='ltr'><strong>Reisig.</strong></span> <span class='ocrx_word' id='word_1_256' title='bbox 1146 2903 1177 2966; x_wconf 89' lang='lat' dir='ltr'><strong>p.</strong></span> <span class='ocrx_word' id='word_1_257' title='bbox 1203 2889 1268 2950; x_wconf 79' lang='lat'><strong>464</strong></span> 
     </span>
     <span class='ocr_line' id='line_1_29' title="bbox 104 2983 1268 3069; baseline -0.003 -21"><span class='ocrx_word' id='word_1_258' title='bbox 104 2983 215 3065; x_wconf 89' lang='lat' dir='ltr'><strong>ihiquo</strong></span> <span class='ocrx_word' id='word_1_259' title='bbox 237 2983 335 3051; x_wconf 88' lang='lat' dir='ltr'><strong>Haas.</strong></span> <span class='ocrx_word' id='word_1_260' title='bbox 359 2987 466 3052; x_wconf 88' lang='lat' dir='ltr'><strong>adnot</strong></span> <span class='ocrx_word' id='word_1_261' title='bbox 490 2991 563 3052; x_wconf 83' lang='lat'><strong>429.</strong></span> <span class='ocrx_word' id='word_1_262' title='bbox 608 2987 712 3052; x_wconf 84' lang='lat' dir='ltr'><strong>Plaut.</strong></span> <span class='ocrx_word' id='word_1_263' title='bbox 735 2987 850 3069; x_wconf 87' lang='lat' dir='ltr'><strong>Amph.</strong></span> <span class='ocrx_word' id='word_1_264' title='bbox 874 2986 900 3066; x_wconf 95' lang='grc' dir='ltr'><strong>Ι,</strong></span> <span class='ocrx_word' id='word_1_265' title='bbox 928 2993 953 3062; x_wconf 87' lang='lat' dir='ltr'><strong>l,</strong></span> <span class='ocrx_word' id='word_1_266' title='bbox 975 2989 1051 3050; x_wconf 81' lang='lat'><strong>261:</strong></span> <span class='ocrx_word' id='word_1_267' title='bbox 1076 2988 1133 3046; x_wconf 82' lang='lat' dir='ltr'><strong>Hie</strong></span> <span class='ocrx_word' id='word_1_268' title='bbox 1149 2985 1268 3058; x_wconf 73' lang='lat' dir='ltr'><strong>quidm</strong></span> 
     </span>
     <span class='ocr_line' id='line_1_30' title="bbox 107 3079 1267 3163; baseline -0.003 -17"><span class='ocrx_word' id='word_1_269' title='bbox 107 3089 185 3146; x_wconf 84' lang='lat' dir='ltr'><strong>certe</strong></span> <span class='ocrx_word' id='word_1_270' title='bbox 207 3103 283 3160; x_wconf 85' lang='lat' dir='ltr'><strong>queo</strong></span> <span class='ocrx_word' id='word_1_271' title='bbox 306 3089 353 3148; x_wconf 90' lang='lat' dir='ltr'><strong>illi</strong></span> <span class='ocrx_word' id='word_1_272' title='bbox 376 3091 447 3148; x_wconf 87' lang='lat' dir='ltr'><strong>suut</strong></span> <span class='ocrx_word' id='word_1_273' title='bbox 468 3104 517 3148; x_wconf 91' lang='lat' dir='ltr'><strong>res</strong></span> <span class='ocrx_word' id='word_1_274' title='bbox 539 3094 642 3163; x_wconf 76' lang='lat' dir='ltr'><strong>gestae</strong></span> <span class='ocrx_word' id='word_1_275' title='bbox 665 3095 811 3150; x_wconf 90' lang='lat' dir='ltr'><strong>memorat</strong></span> <span class='ocrx_word' id='word_1_276' title='bbox 833 3087 1016 3148; x_wconf 87' lang='lat' dir='ltr'><strong>memoriter.</strong></span> <span class='ocrx_word' id='word_1_277' title='bbox 1060 3080 1154 3160; x_wconf 80' lang='lat' dir='ltr'><strong>Epio.</strong></span> <span class='ocrx_word' id='word_1_278' title='bbox 1176 3079 1220 3159; x_wconf 89' lang='grc' dir='ltr'><strong>ΙΙ,</strong></span> <span class='ocrx_word' id='word_1_279' title='bbox 1237 3085 1267 3159; x_wconf 80' lang='lat'><strong>2,</strong></span> 
     </span>
     <span class='ocr_line' id='line_1_31' title="bbox 107 3177 1265 3262; baseline -0.004 -18"><span class='ocrx_word' id='word_1_280' title='bbox 107 3186 162 3245; x_wconf 80' lang='lat'><strong>74:</strong></span> <span class='ocrx_word' id='word_1_281' title='bbox 196 3184 273 3244; x_wconf 84' lang='lat' dir='ltr'><strong>llam</strong></span> <span class='ocrx_word' id='word_1_282' title='bbox 302 3184 353 3245; x_wconf 78' lang='lat' dir='ltr'><strong>ille</strong></span> <span class='ocrx_word' id='word_1_283' title='bbox 381 3183 498 3258; x_wconf 71' lang='lat' dir='ltr'><strong>paidom</strong></span> <span class='ocrx_word' id='word_1_284' title='bbox 525 3191 576 3247; x_wconf 86' lang='lat' dir='ltr'><strong>eut</strong></span> <span class='ocrx_word' id='word_1_285' title='bbox 602 3187 661 3246; x_wconf 87' lang='lat' dir='ltr'><strong>iarn</strong></span> <span class='ocrx_word' id='word_1_286' title='bbox 689 3186 738 3246; x_wconf 90' lang='lat' dir='ltr'><strong>hic</strong></span> <span class='ocrx_word' id='word_1_287' title='bbox 768 3185 883 3262; x_wconf 82' lang='lat' dir='ltr'><strong>aderit,</strong></span> <span class='ocrx_word' id='word_1_288' title='bbox 909 3185 985 3248; x_wconf 84' lang='lat' dir='ltr'><strong>cett</strong></span> <span class='ocrx_word' id='word_1_289' title='bbox 1008 3178 1076 3244; x_wconf 86' lang='lat' dir='ltr'><strong>llil.</strong></span> <span class='ocrx_word' id='word_1_290' title='bbox 1099 3177 1146 3257; x_wconf 87' lang='lat'><strong>11,</strong></span> <span class='ocrx_word' id='word_1_291' title='bbox 1169 3185 1206 3248; x_wconf 78' lang='lat'><strong>4,</strong></span> <span class='ocrx_word' id='word_1_292' title='bbox 1228 3181 1265 3241; x_wconf 86' lang='lat'><strong>9:</strong></span> 
     </span>
     <span class='ocr_line' id='line_1_32' title="bbox 105 3277 1265 3362; baseline -0.003 -20"><span class='ocrx_word' id='word_1_293' title='bbox 105 3283 162 3342; x_wconf 85' lang='lat' dir='ltr'><strong>Eri</strong></span> <span class='ocrx_word' id='word_1_294' title='bbox 184 3282 382 3350; x_wconf 77' lang='lat' dir='ltr'><strong>concubinast</strong></span> <span class='ocrx_word' id='word_1_295' title='bbox 403 3284 476 3342; x_wconf 82' lang='lat' dir='ltr'><strong>hoec</strong></span> <span class='ocrx_word' id='word_1_296' title='bbox 497 3282 623 3357; x_wconf 66' lang='lat' dir='ltr'><strong>paidom</strong></span> <span class='ocrx_word' id='word_1_297' title='bbox 661 3279 717 3362; x_wconf 84' lang='lat' dir='ltr'><strong>IV,</strong></span> <span class='ocrx_word' id='word_1_298' title='bbox 739 3284 769 3361; x_wconf 90' lang='lat'><strong>6,</strong></span> <span class='ocrx_word' id='word_1_299' title='bbox 787 3285 840 3346; x_wconf 85' lang='lat'><strong>68:</strong></span> <span class='ocrx_word' id='word_1_300' title='bbox 863 3283 1031 3343; x_wconf 80' lang='lat' dir='ltr'><strong>Neoclerus</strong></span> <span class='ocrx_word' id='word_1_301' title='bbox 1046 3279 1095 3339; x_wconf 79' lang='lat' dir='ltr'><strong>hic</strong></span> <span class='ocrx_word' id='word_1_302' title='bbox 1109 3277 1265 3352; x_wconf 65' lang='lat' dir='ltr'><strong>quademt.</strong></span> 
     </span>
     <span class='ocr_line' id='line_1_33' title="bbox 107 3375 1268 3456; baseline -0.004 -14"><span class='ocrx_word' id='word_1_303' title='bbox 107 3375 207 3442; x_wconf 92' lang='lat' dir='ltr'><strong>Poen.</strong></span> <span class='ocrx_word' id='word_1_304' title='bbox 231 3375 270 3456; x_wconf 78' lang='lat' dir='ltr'><strong>V,</strong></span> <span class='ocrx_word' id='word_1_305' title='bbox 292 3385 323 3448; x_wconf 75' lang='lat'><strong>4.</strong></span> <span class='ocrx_word' id='word_1_306' title='bbox 347 3381 404 3444; x_wconf 83' lang='lat'><strong>29:</strong></span> <span class='ocrx_word' id='word_1_307' title='bbox 434 3383 496 3442; x_wconf 82' lang='lat' dir='ltr'><strong>lem</strong></span> <span class='ocrx_word' id='word_1_308' title='bbox 520 3383 570 3442; x_wconf 87' lang='lat' dir='ltr'><strong>dio</strong></span> <span class='ocrx_word' id='word_1_309' title='bbox 598 3382 707 3456; x_wconf 87' lang='lat' dir='ltr'><strong>edepol</strong></span> <span class='ocrx_word' id='word_1_310' title='bbox 729 3388 810 3442; x_wconf 88' lang='lat' dir='ltr'><strong>tuam</strong></span> <span class='ocrx_word' id='word_1_311' title='bbox 841 3381 1021 3442; x_wconf 87' lang='lat' dir='ltr'><strong>sententiam</strong></span> <span class='ocrx_word' id='word_1_312' title='bbox 1047 3379 1121 3438; x_wconf 76' lang='lat' dir='ltr'><strong>hoec</strong></span> <span class='ocrx_word' id='word_1_313' title='bbox 1149 3376 1268 3451; x_wconf 68' lang='lat' dir='ltr'><strong>quidem</strong></span> 
     </span>
     <span class='ocr_line' id='line_1_34' title="bbox 105 3475 1265 3557; baseline -0.002 -19"><span class='ocrx_word' id='word_1_314' title='bbox 105 3478 238 3540; x_wconf 68' lang='lat' dir='ltr'><strong>ethnsast.⁴</strong></span> <span class='ocrx_word' id='word_1_315' title='bbox 283 3475 412 3541; x_wconf 87' lang='lat' dir='ltr'><strong>Terent</strong></span> <span class='ocrx_word' id='word_1_316' title='bbox 435 3475 554 3544; x_wconf 85' lang='lat' dir='ltr'><strong>Heeut</strong></span> <span class='ocrx_word' id='word_1_317' title='bbox 575 3475 639 3556; x_wconf 89' lang='lat'>111,</span> <span class='ocrx_word' id='word_1_318' title='bbox 663 3482 693 3557; x_wconf 86' lang='grc'><strong>3,</strong></span> <span class='ocrx_word' id='word_1_319' title='bbox 718 3481 754 3541; x_wconf 84' lang='lat'><strong>5:</strong></span> <span class='ocrx_word' id='word_1_320' title='bbox 776 3480 869 3540; x_wconf 70' lang='lat' dir='ltr'><strong>istam</strong></span> <span class='ocrx_word' id='word_1_321' title='bbox 898 3477 1016 3552; x_wconf 73' lang='lat' dir='ltr'><strong>quiden</strong></span> <span class='ocrx_word' id='word_1_322' title='bbox 1045 3477 1265 3538; x_wconf 83' lang='lat' dir='ltr'><strong>contumeliest.</strong></span> 
     </span>
     <span class='ocr_line' id='line_1_35' title="bbox 104 3572 1265 3655; baseline -0.002 -18"><span class='ocrx_word' id='word_1_323' title='bbox 104 3572 241 3654; x_wconf 85' lang='lat' dir='ltr'><strong>Adelph.</strong></span> <span class='ocrx_word' id='word_1_324' title='bbox 264 3573 330 3655; x_wconf 92' lang='grc' dir='ltr'><strong>ΙΙΙ,</strong></span> <span class='ocrx_word' id='word_1_325' title='bbox 358 3582 395 3655; x_wconf 85' lang='grc'><strong>4,</strong></span> <span class='ocrx_word' id='word_1_326' title='bbox 422 3580 476 3642; x_wconf 84' lang='lat'><strong>23:</strong></span> <span class='ocrx_word' id='word_1_327' title='bbox 504 3595 573 3639; x_wconf 84' lang='lat' dir='ltr'><strong>nam</strong></span> <span class='ocrx_word' id='word_1_328' title='bbox 597 3579 652 3639; x_wconf 81' lang='lat' dir='ltr'><strong>hoo</strong></span> <span class='ocrx_word' id='word_1_329' title='bbox 672 3579 791 3652; x_wconf 73' lang='lat' dir='ltr'><strong>quidem</strong></span> <span class='ocrx_word' id='word_1_330' title='bbox 818 3577 975 3639; x_wconf 80' lang='lat' dir='ltr'><strong>ferundum</strong></span> <span class='ocrx_word' id='word_1_331' title='bbox 1007 3577 1108 3651; x_wconf 81' lang='lat' dir='ltr'><strong>aliquo</strong></span> <span class='ocrx_word' id='word_1_332' title='bbox 1136 3575 1265 3636; x_wconf 73' lang='lat' dir='ltr'><strong>modost.</strong></span> 
     </span>
     <span class='ocr_line' id='line_1_36' title="bbox 103 3668 1264 3753; baseline -0.003 -18"><span class='ocrx_word' id='word_1_333' title='bbox 103 3669 211 3736; x_wconf 87' lang='lat' dir='ltr'><strong>Plaut·</strong></span> <span class='ocrx_word' id='word_1_334' title='bbox 235 3668 326 3752; x_wconf 81' lang='lat' dir='ltr'><strong>Oapt.</strong></span> <span class='ocrx_word' id='word_1_335' title='bbox 347 3671 397 3752; x_wconf 90' lang='grc' dir='ltr'><strong>ΙΙ,</strong></span> <span class='ocrx_word' id='word_1_336' title='bbox 421 3679 450 3753; x_wconf 84' lang='lat'><strong>2,</strong></span> <span class='ocrx_word' id='word_1_337' title='bbox 475 3679 531 3738; x_wconf 76' lang='lat' dir='ltr'><strong>ot:</strong></span> <span class='ocrx_word' id='word_1_338' title='bbox 555 3679 600 3738; x_wconf 78' lang='lat' dir='ltr'><strong>nt</strong></span> <span class='ocrx_word' id='word_1_339' title='bbox 620 3677 739 3751; x_wconf 73' lang='lat' dir='ltr'><strong>quidem</strong></span> <span class='ocrx_word' id='word_1_340' title='bbox 760 3678 787 3738; x_wconf 90' lang='lat' dir='ltr'><strong>si</strong></span> <span class='ocrx_word' id='word_1_341' title='bbox 809 3675 936 3752; x_wconf 84' lang='lat' dir='ltr'><strong>proinde</strong></span> <span class='ocrx_word' id='word_1_342' title='bbox 959 3681 993 3734; x_wconf 91' lang='lat' dir='ltr'><strong>ut</strong></span> <span class='ocrx_word' id='word_1_343' title='bbox 1015 3675 1080 3748; x_wconf 82' lang='lat' dir='ltr'><strong>ipso</strong></span> <span class='ocrx_word' id='word_1_344' title='bbox 1103 3673 1147 3734; x_wconf 83' lang='lat' dir='ltr'><strong>lui</strong></span> <span class='ocrx_word' id='word_1_345' title='bbox 1168 3675 1264 3748; x_wconf 87' lang='lat' dir='ltr'><strong>impe-</strong></span> 
     </span>
     <span class='ocr_line' id='line_1_37' title="bbox 103 3767 1266 3849; baseline 0 -17"><span class='ocrx_word' id='word_1_346' title='bbox 103 3779 190 3835; x_wconf 82' lang='lat' dir='ltr'><strong>rator</strong></span> <span class='ocrx_word' id='word_1_347' title='bbox 211 3772 342 3834; x_wconf 82' lang='lat' dir='ltr'><strong>familiae</strong></span> <span class='ocrx_word' id='word_1_348' title='bbox 367 3769 502 3834; x_wconf 83' lang='lat' dir='ltr'><strong>Hahesm</strong></span> <span class='ocrx_word' id='word_1_349' title='bbox 526 3772 690 3849; x_wconf 85' lang='lat' dir='ltr'><strong>domiuum,</strong></span> <span class='ocrx_word' id='word_1_350' title='bbox 719 3793 776 3836; x_wconf 92' lang='lat' dir='ltr'><strong>uon</strong></span> <span class='ocrx_word' id='word_1_351' title='bbox 805 3792 912 3834; x_wconf 84' lang='lat' dir='ltr'><strong>verear</strong></span> <span class='ocrx_word' id='word_1_352' title='bbox 942 3771 1016 3836; x_wconf 81' lang='lat' dir='ltr'><strong>cett</strong></span> <span class='ocrx_word' id='word_1_353' title='bbox 1062 3767 1141 3834; x_wconf 79' lang='lat' dir='ltr'><strong>(list.</strong></span> <span class='ocrx_word' id='word_1_354' title='bbox 1172 3768 1203 3847; x_wconf 89' lang='grc' dir='ltr'><strong>Ι,</strong></span> <span class='ocrx_word' id='word_1_355' title='bbox 1238 3774 1266 3847; x_wconf 91' lang='grc' dir='ltr'><strong>Ι,</strong></span> 
     </span>
     <span class='ocr_line' id='line_1_38' title="bbox 103 3865 1265 3947; baseline -0.002 -16"><span class='ocrx_word' id='word_1_356' title='bbox 103 3871 161 3934; x_wconf 80' lang='lat'><strong>89:</strong></span> <span class='ocrx_word' id='word_1_357' title='bbox 184 3871 255 3930; x_wconf 76' lang='lat' dir='ltr'><strong>Nisi</strong></span> <span class='ocrx_word' id='word_1_358' title='bbox 276 3871 394 3944; x_wconf 77' lang='lat' dir='ltr'><strong>quidem</strong></span> <span class='ocrx_word' id='word_1_359' title='bbox 417 3889 482 3930; x_wconf 86' lang='lat' dir='ltr'><strong>oum</strong></span> <span class='ocrx_word' id='word_1_360' title='bbox 505 3873 746 3947; x_wconf 81' lang='lat' dir='ltr'><strong>Alcesimarcho,</strong></span> <span class='ocrx_word' id='word_1_361' title='bbox 776 3875 906 3933; x_wconf 89' lang='lat' dir='ltr'><strong>nemine.</strong></span> <span class='ocrx_word' id='word_1_362' title='bbox 951 3869 1036 3934; x_wconf 87' lang='lat' dir='ltr'><strong>Trin.</strong></span> <span class='ocrx_word' id='word_1_363' title='bbox 1065 3865 1114 3935; x_wconf 85' lang='lat' dir='ltr'><strong>ll.</strong></span> <span class='ocrx_word' id='word_1_364' title='bbox 1140 3872 1175 3946; x_wconf 77' lang='lat'><strong>4,</strong></span> <span class='ocrx_word' id='word_1_365' title='bbox 1206 3870 1265 3930; x_wconf 80' lang='lat'><strong>28:</strong></span> 
     </span>
     <span class='ocr_line' id='line_1_39' title="bbox 105 3965 1266 4049; baseline -0.001 -20"><span class='ocrx_word' id='word_1_366' title='bbox 105 3969 147 4029; x_wconf 84' lang='lat' dir='ltr'><strong>Ut</strong></span> <span class='ocrx_word' id='word_1_367' title='bbox 168 3968 285 4041; x_wconf 75' lang='lat' dir='ltr'><strong>quidem</strong></span> <span class='ocrx_word' id='word_1_368' title='bbox 307 3969 376 4030; x_wconf 87' lang='lat' dir='ltr'><strong>illut</strong></span> <span class='ocrx_word' id='word_1_369' title='bbox 397 3971 538 4045; x_wconf 86' lang='lat' dir='ltr'><strong>perierit,</strong></span> <span class='ocrx_word' id='word_1_370' title='bbox 565 3967 606 4032; x_wconf 81' lang='lat' dir='ltr'><strong>ad</strong></span> <span class='ocrx_word' id='word_1_371' title='bbox 635 3985 666 4049; x_wconf 85' lang='lat' dir='ltr'><strong>q.</strong></span> <span class='ocrx_word' id='word_1_372' title='bbox 694 3969 715 4034; x_wconf 87' lang='lat' dir='ltr'><strong>l.</strong></span> <span class='ocrx_word' id='word_1_373' title='bbox 742 3968 900 4034; x_wconf 61' lang='lat' dir='ltr'><strong>Lindenm</strong></span> <span class='ocrx_word' id='word_1_374' title='bbox 932 3965 1119 4048; x_wconf 69' lang='lat' dir='ltr'><strong>„Pulticula</strong></span> <span class='ocrx_word' id='word_1_375' title='bbox 1147 3967 1266 4041; x_wconf 60' lang='lat' dir='ltr'><strong>peden</strong></span> 
     </span>
     <span class='ocr_line' id='line_1_40' title="bbox 103 4065 1266 4148; baseline 0.002 -20"><span class='ocrx_word' id='word_1_376' title='bbox 103 4081 202 4146; x_wconf 87' lang='lat' dir='ltr'><strong>saepe</strong></span> <span class='ocrx_word' id='word_1_377' title='bbox 226 4082 296 4129; x_wconf 89' lang='lat' dir='ltr'><strong>oum</strong></span> <span class='ocrx_word' id='word_1_378' title='bbox 321 4065 458 4145; x_wconf 86' lang='lat' dir='ltr'><strong>quedam</strong></span> <span class='ocrx_word' id='word_1_379' title='bbox 482 4065 585 4130; x_wconf 83' lang='lat' dir='ltr'><strong>ironie</strong></span> <span class='ocrx_word' id='word_1_380' title='bbox 607 4083 646 4130; x_wconf 91' lang='lat' dir='ltr'><strong>ea</strong></span> <span class='ocrx_word' id='word_1_381' title='bbox 669 4068 843 4138; x_wconf 82' lang='lat' dir='ltr'><strong>sententia,</strong></span> <span class='ocrx_word' id='word_1_382' title='bbox 871 4085 935 4148; x_wconf 79' lang='lat' dir='ltr'><strong>qno</strong></span> <span class='ocrx_word' id='word_1_383' title='bbox 956 4069 1083 4136; x_wconf 67' lang='lat' dir='ltr'><strong>radon,</strong></span> <span class='ocrx_word' id='word_1_384' title='bbox 1111 4067 1266 4130; x_wconf 62' lang='lat' dir='ltr'><strong>mmm,</strong></span> 
     </span>
     <span class='ocr_line' id='line_1_41' title="bbox 102 4162 1265 4244; baseline -0.007 -17"><span class='ocrx_word' id='word_1_385' title='bbox 102 4162 267 4244; x_wconf 79' lang='lat' dir='ltr'><strong>ponitur.“</strong></span> <span class='ocrx_word' id='word_1_386' title='bbox 290 4164 431 4232; x_wconf 86' lang='lat' dir='ltr'><strong>Licinius</strong></span> <span class='ocrx_word' id='word_1_387' title='bbox 457 4163 586 4230; x_wconf 88' lang='lat' dir='ltr'><strong>Imbrex</strong></span> <span class='ocrx_word' id='word_1_388' title='bbox 605 4163 734 4230; x_wconf 85' lang='lat' dir='ltr'><strong>Neaera</strong></span> <span class='ocrx_word' id='word_1_389' title='bbox 760 4185 789 4228; x_wconf 85' lang='lat' dir='ltr'><strong>v.</strong></span> <span class='ocrx_word' id='word_1_390' title='bbox 819 4169 855 4229; x_wconf 88' lang='lat'><strong>2:</strong></span> <span class='ocrx_word' id='word_1_391' title='bbox 888 4167 962 4228; x_wconf 77' lang='lat' dir='ltr'><strong>(lam</strong></span> <span class='ocrx_word' id='word_1_392' title='bbox 988 4166 1106 4238; x_wconf 71' lang='lat' dir='ltr'><strong>paidom</strong></span> <span class='ocrx_word' id='word_1_393' title='bbox 1134 4164 1265 4221; x_wconf 84' lang='lat' dir='ltr'><strong>Mavorti</strong></span> 
     </span>
    </p>
   </div>
   <div class='ocr_carea' id='block_1_3' title="bbox 0 0 1524 4766">
    <p class='ocr_par' dir='ltr' id='par_1_3' title="bbox 0 0 1524 4766">
     <span class='ocr_line' id='line_1_42' title="bbox 0 0 1524 4766; baseline 0 0"><span class='ocrx_word' id='word_1_394' title='bbox 0 0 1524 4766; x_wconf 95' lang='lat' dir='ltr'><strong> </strong></span> 
     </span>
    </p>
   </div>
  </div>
 </body>
</html>
