3048 4770
518 150 623 192 44444.
652 151 916 194 14444444444444.
1227 163 1289 223 285

141 341 429 415 nauseatores
459 348 515 402 444
533 341 670 402 domuel?
707 339 766 407 SO.
793 343 847 404 Itu
873 348 1000 420 inquam.
1039 363 1067 408 v.
1096 349 1174 408 254:
1205 345 1292 417 Quid,

136 437 253 498 domum
272 437 426 501 vostram?
464 435 523 502 SO.
546 440 599 498 Ita
622 443 781 502 enimuero.
828 439 956 504 Terent.
984 441 1066 506 Eun.
1090 440 1145 518 IV,
1169 447 1204 521 4,
1235 445 1293 505 40:

139 536 180 595 nt
211 553 268 610 pro
297 544 328 596 te
359 538 416 597 buo
445 535 627 598 deductust?
663 535 731 600 DO.
764 539 824 602 Ito.
860 535 960 600 Andr.
984 537 1016 617 1,
1042 543 1084 619 2,
1105 544 1155 604 15:
1179 541 1293 602 Hocine

136 634 202 708 egis
225 651 263 694 au
287 633 370 696 nou?
404 632 760 710 Diomedontis.
805 633 848 714 ΙΙ,
875 641 900 712 1,
926 639 980 698 38:
1004 635 1191 712 luginhinu?
1229 633 1292 702 nl.

137 731 202 805 Ego
224 747 294 791 uero
315 749 351 796 aa
373 733 487 793 lubens.
533 729 750 811 nuu.111‚1,
777 737 830 797 12:
854 733 997 808 gestare?
1035 732 1102 796 TH.
1130 736 1216 796 Vero.
1251 729 1295 810 ΙΙ,

135 831 169 904 3,
194 830 234 890 55
258 844 323 904 sn:
348 830 479 890 Comites
503 833 597 890 secuti
628 831 745 890 seilicet
772 836 842 892 sunt
871 832 1038 906 virginem?
1076 827 1142 893 CH.
1178 833 1295 891 Venter.

138 922 255 989 Heaut.
282 923 319 1004 V,
344 931 373 1003 s,
400 929 455 990 li:
480 927 608 988 Facies?
643 923 707 990 OH.
735 930 859 1005 Verum,
881 923 922 1010 ju.
961 926 1089 991 Phorm.
1114 926 1160 1005 ll,
1193 932 1228 1004 2,
1263 933 1294 989 i:

139 1024 225 1084 itane
249 1026 347 1100 putris
370 1032 417 1084 als
441 1025 601 1086 adventum
621 1027 746 1084 veritum
764 1025 833 1086 hino
856 1025 989 1088 abiisse?
1028 1023 1094 1089 GE.
1118 1023 1296 1086 Admodum.

138 1117 238 1184 Andr.
262 1119 291 1198 1,
316 1119 352 1200 2,
376 1123 433 1183 244
458 1120 538 1182 Sane
559 1122 675 1196 quidum
699 1118 740 1202 14.
785 1119 831 1199 ΙΙ,
858 1128 891 1200 1,
919 1127 947 1184 1;
978 1124 1054 1196 Quid
1078 1131 1141 1196 als,
1170 1124 1297 1198 Byrria?

134 1220 267 1280 daturne
290 1219 344 1280 illa
364 1220 521 1293 Pamphilo
544 1219 638 1284 hodie·
655 1221 801 1294 nuptum?
837 1217 902 1282 BY.
938 1219 988 1280 su
1009 1225 1060 1284 est.
1096 1219 1186 1285 Adde
1216 1219 1296 1285 Eun.

138 1309 195 1391 IV,
221 1319 250 1392 1,
274 1319 331 1378 42;
355 1315 487 1377 credin?
525 1311 1068 1400 (1111444444144114441444.
1106 1315 1144 1380 In
1159 1321 1298 1396 negante

138 1429 299 1492 responso
323 1417 382 1476 aut
403 1409 535 1491 simplex
557 1411 685 1492 negatio
708 1413 836 1492 ponitur
860 1420 916 1476 aut
938 1412 1047 1478 addito
1070 1414 1168 1478 verbo
1199 1414 1298 1478 inter·

138 1509 330 1592 rogationis.
375 1508 477 1573 Plaut.
499 1508 612 1574 Pseud.
630 1507 685 1587 IV,
709 1515 739 1589 6,
764 1516 796 1574 5:
820 1514 946 1573 Venitne
968 1513 1056 1574 homo
1077 1515 1114 1573 od
1138 1513 1193 1576 te?
1231 1512 1295 1575 BA.

139 1609 223 1673 Noa.
248 1605 376 1671 Terent.
400 1607 497 1670 Aodr.
521 1604 546 1686 1,
570 1611 604 1686 2,
629 1611 686 1671 23:
714 1611 779 1670 Non
811 1612 912 1671 hercle
940 1613 1092 1686 intellego.
1132 1608 1179 1674 SI.
1210 1609 1298 1673 Noni

138 1710 220 1768 hem.
260 1707 327 1770 DA.
351 1706 429 1765 Non.
469 1703 584 1768 Heaut.
601 1704 661 1784 ΙΙΙ,
679 1710 706 1780 3,
725 1709 861 1769 4141144
878 1707 988 1782 opust?
1024 1704 1089 1770 cH.
1111 1709 1298 1770 Noolrerele

141 1823 224 1868 uero.
269 1802 398 1867 Phorm.
422 1799 482 1880 111,
505 1805 535 1880 2,
559 1807 616 1866 40:
641 1807 702 1866 lom
728 1821 764 1864 es
786 1805 967 1879 praeteriit?
1002 1802 1069 1867 ΒΟ.
1093 1807 1170 1866 Noa.
1195 1804 1299 1870 Plani.

138 1899 214 1966 Cas.
241 1897 278 1980 V,
306 1907 342 1978 4,
372 1903 427 1964 284
454 1903 522 1961 1144
547 1900 675 1964 iruta’s?
719 1897 810 1963 GLE.
842 1901 914 1963 Non
942 1919 1008 1962 som
1036 1901 1126 1966 irato.
1171 1902 1299 1966 Terent.
1382 1951 1385 1956 .

140 1998 224 2064 Hec.
249 1999 287 2077 V,
312 2004 345 2078 3,
370 2001 403 2061 6:
428 2001 493 2059 dios
518 1999 734 2074 demortuam,
759 2017 790 2059 or
815 2007 846 2058 tu
869 2000 1049 2074 Myconius?
1080 2001 1178 2071 „Non
1204 2002 1301 2064 aom.“

140 2097 203 2162 Ad.
229 2097 285 2176 lv,
310 2100 338 2175 2,
362 2099 416 2160 30:
439 2097 499 2156 Sed
522 2105 606 2158 estne
631 2095 724 2156 irater
746 2095 848 2156 intus?
882 2093 942 2159 SY.
966 2097 1036 2156 Noa
1057 2103 1107 2160 ear.

608 2346 847 2446 dupondius
882 2323 889 2336 .

426 2523 472 2586 de
498 2523 687 2586 doctrina
718 2522 1021 2602 particularum.

232 2684 286 2744 24.
338 2678 442 2755 Quum
478 2680 731 2759 praepositiones
767 2697 882 2744 omnes·
904 2685 938 2743 et
964 2679 1124 2764 permulta
1153 2679 1305 2744 adverbia

135 2784 247 2857 etque
278 2777 515 2842 coniunctiones
540 2777 604 2840 iam
627 2778 658 2840 in
682 2777 902 2857 superioribus
925 2780 1064 2840 44444444
1094 2777 1173 2852 sint,
1203 2779 1306 2842 restat

138 2883 181 2940 44
204 2893 316 2940 earum
333 2874 564 2955 particularum
588 2891 679 2938 usum
696 2881 895 2954 spectemus,
919 2875 1154 2954 quaerundum
1172 2892 1304 2938 comino·

136 2977 294 3038 «moratae
317 2977 406 3052 sunt,
430 2989 628 3052 quarumque
650 2973 697 3038 vis
722 2971 892 3052 singularis
908 2977 959 3036 est
981 2971 1014 3034 iu
1030 2965 1305 3036 enunciatiouibus

139 3069 333 3135 formandis.
374 3068 507 3134 Initium
531 3075 638 3134 autem
661 3067 717 3133 fiat
739 3071 779 3134 ab
802 3069 962 3134 adverbiis
985 3067 1061 3137 1441.
1086 3085 1168 3147 quae
1194 3069 1305 3132 distin·

145 3168 279 3248 gueuda
302 3173 390 3238 suut,
414 3171 571 3247 quatenus
588 3168 839 3246 respondentad
855 3165 1227 3246 interrogationes'aude,
1242 3169 1305 3243 441,

137 3285 212 3341 ‚qum
602 3279 606 3286 '
720 3287 721 3294 ¹
1223 3273 1227 3280 '

234 3381 264 3428 a.
308 3365 463 3428 Aduerbio
485 3366 554 3440 1441,
578 3381 654 3437 qaue
674 3364 852 3436 respondeat
878 3364 918 3424 od
936 3366 1041 3425 interr.
1054 3361 1188 3429 ,uelde
1240 3363 1306 3424 Ali-

136 3463 246 3525 ι444414
271 3466 322 3528 444
344 3479 380 3526 ex
405 3461 511 3541 aliquo
534 3460 629 3536 looo‚·
642 3458 835 3523 transfertur
857 3466 964 3524 tamen
980 3459 1075 3524 etium
1099 3459 1138 3522 ad
1156 3478 1307 3538 personas

145 3563 180 3622 et
202 3577 269 3623 ree.
309 3557 412 3624 Plani.
427 3558 543 3623 Pseud.
560 3575 588 3620 u.
608 3561 678 3621 104.
695 3554 720 3635 1,
737 3560 766 3636 3,
783 3561 833 3621 83.
872 3557 960 3622 Pers.
976 3555 1008 3635 Ι,
1035 3562 1061 3635 1,
1083 3562 1139 3620 ti:
1161 3557 1309 3620 Alieuode

134 3673 244 3718 exora
272 3666 411 3732 mutuom.
458 3655 544 3720 Trio.
573 3672 600 3717 v.
631 3658 701 3719 los.
732 3659 802 3720 749.
851 3654 980 3718 Terent.
1008 3653 1105 3717 Andr.
1138 3654 1181 3732 11,
1212 3663 1246 3734 4,
1271 3661 1305 3720 3:

148 3757 244 3816 Venit
268 3757 428 3818 meditatus
445 3754 590 3831 alicunde,
606 3771 643 3814 ex
657 3757 720 3814 solo
736 3756 825 3814 loeo..
846 3751 973 3816 Phorm.
990 3751 1030 3830 ΙΙ,
1051 3757 1076 3830 1,
1094 3755 1147 3814 70:
1167 3755 1309 3814 Sumeret

146 3853 298 3915 alicunde.
321 3885 363 3900 -
385 3851 517 3912 Aliunde
540 3877 580 3902 =
604 3869 642 3914 er
666 3849 828 3914 41141444.
874 3848 971 3913 Nuev.
995 3847 1067 3915 bell.
1085 3849 1167 3912 Pon.
1185 3847 1223 3912 fr.
1247 3849 1306 3913 inc.

133 3951 166 4012 ·6
192 3948 331 4013 Vahlen.
356 3953 460 4029 p..18.
507 3945 754 4012 Fiant-Pseud.
783 3945 830 4026 ΙΙ,
860 3952 894 4024 4,
923 3951 972 4012 44.
1023 3946 1151 4011 Terent.
1180 3946 1307 4011 Phorm.

136 4047 187 4126 ΙΙ,
207 4053 252 4117 ,2,
278 4051 335 4111 29:
365 4045 795 4122 4111441444441444141444,
826 4048 902 4106 unde
926 4045 1038 4121 aliquid
1066 4045 1172 4106 abradi
1198 4053 1307 4118 potest.

135 4145 341 4208 nodosum
362 4168 406 4198 =
432 4143 537 4210 altere
562 4161 600 4208 ex
627 4146 729 4222 parte.
784 4141 950 4206 Invenitur
988 4141 1018 4203 id
1055 4141 1193 4218 quinque
1227 4138 1306 4203 loeis
