3036 4766
239 113 306 175 368
541 103 604 146 ΟΑΡ.
618 103 663 142 XV.
690 101 839 143 nocuimus
867 98 1116 140 utuuctsrtoltum

235 294 323 359 'Tum
352 293 434 358 idem
465 297 563 374 poete
586 291 742 372 ,adiungit
772 293 843 352 dum
871 287 1112 370 interrogativo
1137 289 1198 362 rtur.
1223 283 1340 360 (Hand.
1370 299 1400 362 p.

244 396 326 464 329).
350 390 417 455 Mil.
441 390 488 468 II,
512 396 548 468 3,
573 394 612 454 26
641 391 857 450 Primumdum.
888 386 974 450 Trio.
997 384 1031 456 Ι,
1055 391 1091 463 2,
1115 387 1169 448 61:
1193 385 1400 444 Primumdum

235 494 385 568 omnium,
417 489 471 554 ubi
494 487 652 554 Lindum:
681 486 829 566 ,πρῶτον
850 479 903 564 δὴ,
926 481 978 545 καὶ
997 483 1121 564 πρῶτον
1148 477 1200 561 μὲν
1221 475 1290 563 ttf‘
1335 479 1398 544 Mil.

242 585 289 666 ΙΙ,
314 593 347 666 3,
369 591 409 652 54
433 592 466 651 61
496 586 580 650 Triu.
604 583 633 655 Ι,
657 589 691 664 2,
717 589 777 648 129
806 585 958 663 Quidum?

327 684 358 749 b.
404 685 452 749 De
475 687 565 747 doru
585 683 658 748 vide
682 681 852 748 Houdium.
876 681 949 746 Ter.
971 679 1032 744 Ad.
1056 680 1110 760 IV,
1134 685 1171 759 6,
1195 687 1213 744 6
1237 695 1299 758 sq.:
1324 680 1400 740 domi

180 847 186 856 ,
245 785 367 844 Certum
403 785 539 844 obsidere
579 791 626 844 est
660 799 768 858 usque,
809 783 899 842 douec
933 781 1069 840 redierit.
1126 777 1278 856 Antiqua*
1301 773 1401 840 formu

198 931 206 944 .
239 883 294 943 661
314 881 464 962 doricum,
487 878 572 960 quod
592 877 712 959 legitur
733 875 837 942 Pleut.
862 875 934 941 Aul.
956 875 989 948 Ι,
1014 882 1040 954 1,
1067 880 1105 940 19
1129 880 1163 940 61
1185 874 1270 940 alibi.

330 995 355 1040 c.
399 979 581 1052 Priusquam
617 980 673 1040 661
702 975 893 1040 6661666116
920 973 1085 1054 scribitur,
1115 977 1151 1038 ut
1178 972 1281 1036 Pleut.
1306 970 1399 1034 Most.

242 1074 274 1152 1,
302 1079 331 1153 1,
357 1078 407 1139 to.
437 1079 473 1154 3,
499 1079 555 1154 64,
580 1077 637 1137 661
653 1076 744 1150 prius
765 1090 785 1136 6
807 1091 897 1148 quum
919 1070 1057 1151 divulso,
1088 1089 1152 1135 666
1182 1070 1233 1136 vel
1255 1067 1400 1150 pluribus

247 1171 380 1236 vocibus
402 1171 617 1260 interpositis,
648 1175 684 1235 ut
707 1171 834 1236 Terent.
858 1171 979 1234 Η6661.Ι
999 1168 1047 1249 ΙΙ,
1070 1174 1100 1246 2,
1122 1173 1157 1233 8:
1180 1166 1295 1244 'Pergin
1326 1171 1400 1228 istuc

240 1273 337 1348 prius
357 1272 536 1348 diiudicare,
559 1289 647 1345 quum
670 1273 738 1342 scis
753 1271 824 1346 quid
845 1271 906 1330 veri
931 1269 1008 1329 siet?

330 1367 359 1431 d.
404 1367 559 1448 Exempla
581 1366 810 1432 coniunctionis
828 1371 989 1440 postquam
1004 1369 1079 1429 sunt
1100 1363 1204 1427 Pleut.
1226 1361 1298 1426 066.
1321 1359 1399 1441 proi.

238 1483 272 1530 ‘v.
300 1471 353 1529 ll:
384 1468 458 1527 Nam
481 1472 639 1541 postquam
666 1467 769 1541 popuii
803 1482 921 1525 rumore
952 1465 1153 1524 intelleximus
1184 1452 1398 1532 (sie'Ritschl.

244 1580 371 1644 pererg.
395 1579 424 1642 p.
453 1567 519 1626 181.
548 1581 696 1626 rumorem
719 1563 769 1641 Ag
792 1564 825 1624 et
847 1560 973 1625 Ledcw.
996 1577 1076 1624 mus.
1102 1558 1148 1622 rh.
1172 1557 1237 1634 ΙΙΙ,
1262 1575 1293 1638 p.
1321 1558 1398 1631 185).

244 1659 284 1724 ib·
308 1680 338 1724 v.
367 1666 408 1724 47
416 1681 423 1720 2
457 1662 616 1735 Postquam
642 1679 678 1722 66
708 1662 838 1722 6661661
865 1660 904 1721 od
931 1677 997 1720 666
1026 1665 1155 1720 aetatem
1187 1657 1245 1729 (sic
1267 1652 1398 1718 Ritschi.

237 1774 373 1838 parerg.
397 1775 427 1836 p.
452 1760 535 1833 237).

332 1872 359 1918 e.
406 1855 480 1916 Cum
507 1873 531 1918 s.
554 1873 641 1930 quom
667 1871 729 1919 666.
757 1852 918 1918 Η666166
948 1852 1082 1918 Turseli.
1107 1852 1153 1931 ΙΙ,
1184 1870 1213 1932 p.
1238 1854 1299 1916 261
1325 1857 1402 1914 166-

246 1952 334 2032 poris
357 1949 532 2016 definitioni
555 1968 593 2032 eo
616 1951 710 2017 modo
731 1949 873 2028 inservit,
897 1957 934 2015 ut
950 1952 1030 2016 6666
1047 1969 1098 2014 res
1114 1951 1240 2014 interno
1264 1949 1399 2028 quodem
1490 2023 1491 2030 p

244 2067 329 2113 nexu
351 2049 384 2112 iu
407 2054 550 2128 tempore
578 2048 784 2114 cohaerentes
815 2046 981 2130 significet.
1027 2047 1091 2112 Sed
1120 2045 1198 2111 hoec
1222 2045 1400 2112 coniunctio
1491 2034 1492 2037 '

247 2146 279 2210 in
303 2145 447 2210 doctrine
470 2151 649 2226 temporum
673 2153 705 2210 et
721 2146 888 2211 modorum
904 2148 965 2212 166
983 2145 1061 2212 66116
1076 2149 1216 2210 tractatu
1231 2151 1291 2209 est.
1322 2143 1400 2207 Vide

247 2251 417 2324 praeterea
449 2243 488 2308 de
517 2244 738 2310 coniunctione
765 2263 852 2320 quom
875 2247 1017 2320 retempto
1045 2240 1104 2305 vol.
1136 2239 1166 2320 Ι,
1194 2259 1225 2322 p.
1255 2246 1335 2321 102,
1365 2241 1401 2306 66

238 2360 333 2417 uuum
355 2375 399 2386 --
419 2349 483 2402 tum
503 2342 544 2406 ib.
567 2359 599 2420 p.
625 2347 694 2408 109.
1252 2391 1254 2396 ,

333 2445 383 2503 55.
431 2439 654 2502 concurremus
676 2443 820 2504 causatu.
865 2459 892 2505 6.
920 2437 1201 2515 1166666661.
1226 2436 1252 2508 Ι,
1274 2455 1303 2518 6.
1330 2441 1402 2514 244,

243 2536 363 2616 quibus
386 2537 540 2617 exemplis
562 2536 644 2601 adde
667 2536 770 2601 Pleut.
793 2533 908 2601 Bacch.
932 2537 987 2618 IV,
1011 2543 1046 2618 9,
1074 2540 1150 2601 16οι
1180 2557 1231 2599 vos
1261 2557 1338 2598 6666
1366 2555 1401 2596 66

239 2638 395 2696 »miremini
424 2637 509 2713 Quod
534 2653 593 2697 non
620 2638 771 2711 triumpho
798 2639 883 2714 (post
916 2636 1048 2701 verbum
1079 2633 1219 2700 affectus·
1241 2633 1401 2712 positum).

164 2800 172 2816 .
239 2730 345 2794 Poen.
370 2730 407 2809 V,
432 2737 462 2810 2,
488 2733 703 2794 117÷1trrum
725 2735 795 2794 mihi
818 2739 924 2809 gnotus
946 2737 1059 2811 videor,
1083 2734 1162 2818 quod
1174 2741 1206 2792 16
1230 2735 1358 2809 repperi.

334 2828 364 2893 b.
407 2831 487 2906 Quia
509 2827 622 2893 Naevii
644 2828 812 2894 Proiectus
834 2829 871 2892 ir.
897 2835 933 2894 2:
962 2834 1043 2909 Quia
1070 2835 1209 2907 imperes.
1256 2827 1336 2894 0616
1366 2827 1401 2890 R.

247 2925 285 2989 R.
311 2927 396 2990 esd:
419 2944 456 2989 6ο
478 2928 551 3001 quta
573 2925 694 2992 ioditur.
738 2927 842 2992 Plaut.
867 2925 957 3006 Oept·
982 2927 1032 3008 ΙΙ,
1058 2933 1084 3007 l,
1109 2933 1144 2992 9:
1172 2933 1213 2990 At
1236 2947 1290 2990 nos
1312 2929 1401 3004 pudet

237 3026 322 3100 6616
341 3043 406 3087 666
430 3025 544 3086 6616616
568 3042 676 3089 66666.
706 3022 802 3088 Cure.
826 3023 874 3103 ΙΙ,
899 3030 932 3104 3,
957 3029 1014 3090 64:
1037 3034 1106 3102 „set
1128 3028 1199 3104 quid
1222 3045 1289 3087 eum
1311 3024 1401 3088 vis?“

242 3113 326 3196 ‘quta
356 3125 391 3183 de
420 3141 455 3184 eo
485 3125 544 3183 emi
571 3125 714 3198 virginem
742 3119 807 3182 -’.
852 3122 901 3186 Ι)6
935 3121 1004 3186 1666
1028 3121 1099 3188 066.
1122 3122 1169 3203 ΙΙ,
1193 3129 1229 3204 3,
1260 3128 1302 3187 44
1333 3121 1401 3184 vide

240 3219 268 3295 ³&
292 3223 377 3283 486.
422 3217 557 3297 01611,
584 3223 691 3297 1,85;
722 3223 794 3295 qma
823 3239 878 3296 ego
908 3225 976 3282 nolo
1006 3239 1052 3281 me
1082 3220 1272 3283 meretricem
1302 3224 1401 3282 dicier.

240 3335 276 3380 'v.
310 3321 385 3379 104:
412 3318 522 3378 iratast
542 3349 586 3360 -
607 3319 685 3395 Quia
713 3337 771 3379 non
802 3321 953 3380 redierim.
998 3317 1089 3397 Epio.
1119 3316 1174 3393 IV,
1200 3323 1237 3397 2,
1269 3321 1301 3381 6:
1327 3319 1402 3396 Quia

238 3415 326 3474 ’1666
349 3431 404 3489 ego
432 3433 508 3488 quoe
538 3419 595 3476 siet
616 3417 720 3491 Neque
748 3419 811 3496 scio
841 3409 935 3491 neque
967 3417 1044 3477 novi.
1090 3431 1118 3476 v.
1142 3419 1197 3478 26:
1228 3419 1302 3490 quir
1323 3424 1401 3476 1666

234 3518 366 3586 ..gnatam
397 3508 510 3572 rstu's?
562 3510 676 3576 Bacch.
706 3512 738 3590 Ι,
770 3519 800 3590 Ι,
829 3515 870 3576 24
893 3529 953 3594 etp:
988 3515 1025 3576 ob
1061 3531 1126 3574 666
1158 3531 1221 3574 rem
1250 3547 1293 3556 -
1313 3514 1401 3592 Quia.

247 3605 365 3668 Pseud.
390 3605 421 3685 Ι,
448 3613 479 3678 1,
506 3611 582 3672 105:
617 3610 707 3686 Atqui
729 3610 760 3670 id
783 3609 914 3671 futurum
936 3612 1028 3689 unde,
1058 3612 1136 3672 unde
1167 3613 1264 3672 dicem
1292 3613 1400 3684 666616,

234 3706 417 3777 ,11616616
446 3705 620 3780 futurumst,
655 3705 709 3772 ubi
739 3708 812 3781 quta
840 3723 900 3786 pro
922 3723 986 3772 acc.
1016 3725 1088 3772 cum
1114 3705 1168 3770 inf.
1191 3707 1331 3788 positum
1355 3709 1401 3770 est

240 3800 458 3874 6161116666
482 3819 518 3866 ec
540 3804 618 3878 quod
640 3803 693 3866 As.
717 3801 743 3882 1,
769 3810 804 3882 1,
829 3808 880 3884 81,
902 3803 942 3868 66
965 3820 1028 3883 quo
1051 3803 1121 3870 loco
1144 3804 1217 3869 vide
1240 3804 1301 3878 voi.
1326 3803 1351 3882 Ι,
1372 3819 1399 3882 p.

243 3904 320 3963 244.
343 3899 439 3964 Poen.
463 3898 500 3977 V,
524 3905 553 3979 4,
576 3904 632 3965 4οε
662 3901 733 3975 quic
765 3917 812 3963 me
836 3905 1042 3964 6666616666
1070 3905 1137 3966 6611.
1182 3917 1211 3965 V.
1232 3895 1285 3968 69.
1309 3900 1399 3966 irus.

237 3993 288 4075 dl,
302 4001 331 4075 2,
347 4001 397 4061 16:
420 4000 499 4076 Qm‘u
514 4000 587 4058 tibin
605 4016 692 4060 suaso
707 3997 859 4076 iniecisti,
872 4002 1062 4077 propudiosa,
1085 3987 1238 4077 pollulum.
1262 4017 1291 4060 v.
1305 4004 1344 4062 64
1356 4015 1399 4078 sq.

248 4092 376 4166 Terent·
399 4095 497 4160 Andr.
528 4093 583 4173 iv,
609 4100 644 4174 3,
670 4100 709 4160 13
729 4111 793 4174 sq.:
829 4099 923 4182 Quem
950 4100 1051 4182 obrem
1074 4100 1104 4159 id
1133 4105 1196 4160 tute
1220 4115 1278 4159 non
1301 4095 1399 4158 iacis?
