3076 4762
377 221 417 261 DE
432 222 625 264 TEMPORIBUS.
639 245 664 255 -
680 224 864 266 cousucunto
879 227 1049 267 Tuueouuu.
1261 233 1301 295 99

152 409 231 473 senti
254 409 358 475 Plaut.
381 410 468 476 Pers.
490 412 532 486 ΙΙ,
562 418 591 487 2,
617 419 672 478 57:
711 418 787 491 Quid
816 420 869 484 esi,
897 419 976 490 qaod
1001 419 1135 477 metans?
1179 417 1306 482 Terent.

151 505 247 570 Andr.
272 506 297 586 I,
323 513 351 586 l,
378 515 431 574 14:
466 516 491 573 si
514 515 568 573 tibi
599 515 668 589 quid
691 514 749 587 [eci
771 523 821 575 aut
844 515 924 588 focio
946 515 1024 589 quod
1043 517 1166 588 puteat
1212 514 1250 594 V,
1275 523 1306 595 5,

153 609 185 668 i:
220 611 350 677 nemost,
371 623 457 682 quem
478 611 580 670 malim
603 614 741 674 omnium.
787 609 866 675 Cum
889 610 1031 692 perfetio
1055 608 1133 676 Cato
1157 611 1193 674 R.
1218 613 1254 677 R.
1278 631 1305 678 e.

153 709 183 766 d:
207 706 377 766 consideret
400 725 475 782 quae
499 710 634 770 domiuus
656 710 854 788 imperaverit,
877 712 962 784 ficut.
1007 709 1070 773 th:
1106 712 1191 788 Quod
1212 715 1304 774 donui-

152 819 204 860 nus
235 802 405 882 crediderit,
434 807 542 881 mpod.
585 804 733 870 Pertinet
761 805 823 871 huc
847 807 943 871 etiam
966 809 1039 882 puta
1060 806 1164 871 Plaut.
1188 807 1304 873 Bacch.

152 895 204 966 1V.
228 903 258 977 9,
281 903 338 964 89:
369 905 451 966 Nihil
478 910 523 966 cst
548 908 676 978 illorum,
700 906 773 979 quin
800 923 854 982 ego
882 908 928 966 illi
958 907 1093 966 dicerim.
1141 905 1220 970 Cum
1247 907 1306 971 im·

152 993 291 1074 perfecto
322 996 527 1064 conditionali
554 999 680 1065 Terent.
709 1001 790 1065 Eun.
821 1000 880 1081 111,
906 1009 934 1081 5,
965 1006 1019 1066 13:
1053 1006 1189 1077 Nemost,
1217 1003 1306 1082 quem

153 1111 209 1168 ego
235 1099 372 1157 nunciam
403 1102 496 1174 magis
526 1117 662 1176 cuperem
688 1101 787 1160 videre
816 1119 902 1176 quam
924 1109 973 1161 te.
1020 1097 1098 1163 Cum
1121 1099 1332 1182 plusquam-¹

151 1187 293 1269 perfecto
313 1192 395 1257 Cato
426 1200 505 1260 orat.
529 1197 568 1260 de
596 1200 704 1260 sumtu
733 1214 790 1260 suo
814 1214 864 1275 ap.
889 1196 1040 1261 Fronton.
1065 1215 1114 1277 ep.
1143 1198 1184 1262 ad
1207 1200 1327 1263 Anto·

151 1287 211 1350 nin.
239 1287 293 1352 lib.
321 1287 346 1369 Ι,
375 1299 399 1369 l,
423 1311 453 1373 p.
486 1297 559 1358 109:
595 1297 728 1368 videsis,
759 1313 816 1370 quo
845 1299 911 1358 loco
939 1314 987 1357 res
1014 1298 1135 1372 publica
1162 1300 1234 1373 siet,
1262 1301 1307 1358 uti

151 1386 227 1458 quod
257 1390 301 1446 rei
327 1392 465 1464 publicae
488 1394 566 1452 bene
589 1394 736 1472 sedemus,
768 1395 846 1453 unde
874 1397 1000 1469 gratiam
1027 1395 1194 1471 capiebam,
1227 1414 1309 1456 nurrc

152 1483 229 1543 idem
257 1487 330 1545 illud
358 1505 521 1550 memorare
553 1509 610 1552 non
638 1491 746 1558 audeo,
776 1509 812 1550 ne
836 1493 964 1552 invidiae
989 1493 1055 1552 siat.
1100 1488 1137 1552 In
1162 1491 1305 1556 oratione

152 1579 279 1658 obliqua
307 1596 496 1664 praegresso
524 1585 577 1650 inf.
606 1586 757 1652 historico
785 1587 887 1651 Plant.
921 1585 1017 1652 Mero.
1045 1586 1071 1666 1,
1102 1592 1129 1667 1,
1159 1593 1199 1653 50
1222 1608 1288 1671 sqq.
1299 1611 1312 1655 :.

153 1695 326 1754 expromere
350 1713 391 1726 -—
415 1687 571 1746 Rationem
603 1705 770 1762 pessumam
796 1703 877 1762 esse,
910 1704 946 1746 ea
972 1703 1048 1758 pecc
1075 1687 1157 1761 ipsus
1187 1695 1315 1764 optuma.

153 1778 253 1839 Omnis
278 1781 395 1842 labores
408 1784 576 1848 incassat
596 1783 763 1859 perferens,
783 1785 904 1844 Amoris
929 1786 956 1844 vi
979 1784 1171 1854 diffunditari.
1195 1784 1307 1848 'Dein-

153 1888 241 1951 ceps·
256 1882 436 1954 sequuntur
457 1877 817 1959 plusquamperfectum,
847 1878 904 1942 fut.
928 1878 1205 1961 periphrasticum,
1237 1900 1313 1962 per»-

151 1965 271 2034 tectum
298 1972 413 2055 fragm.
444 1973 521 2040 cist.
546 1977 626 2056 Aug.
652 1975 724 2042 nisi.
750 1993 779 2056 p.
803 1976 880 2039 tas:
920 1979 1003 2051 Quae
1033 1979 1105 2038 mihi
1136 1985 1209 2040 essct
1234 1998 1309 2041 com-

152 2069 291 2130 mendata
314 2081 345 2132 et
367 2093 450 2136 meae
474 2077 544 2135 fidei
568 2076 744 2160 connectite,
770 2076 851 2148 Quae
875 2078 950 2135 esset
970 2082 1098 2135 aetatem
1121 2094 1235 2137 mecum
1258 2097 1308 2139 cx-

153 2173 271 2243 ectura,
296 2189 409 2234 mecum
433 2176 463 2233 in
488 2177 677 2234 matrimonio
702 2174 855 2246 dompetra
880 2173 927 2239 sit,
951 2189 1059 2246 capere
1082 2178 1201 2245 oportet.
1246 2173 1309 2238 Im·

152 2266 329 2346 perfectum
359 2287 430 2333 curu
465 2267 779 2349 plusquamperfecto
806 2267 886 2330 Eun.
915 2265 954 2332 ir.
983 2267 1134 2332 Hecubae
1164 2272 1217 2332 10:
1255 2273 1309 2334 Set

153 2385 310 2443 numquam
337 2369 478 2443 scriptiis,
507 2372 557 2444 qni
580 2378 735 2444 parentem
766 2376 817 2427 aut
845 2369 991 2440 hospitem
1015 2363 1172 2448 Necassct,
1199 2371 1313 2445 isque

153 2471 289 2528 cruciatu
312 2467 480 2540 subimet.
526 2463 709 2529 Perfectum
741 2481 810 2528 oum
839 2461 1003 2546 praesenti
1032 2460 1135 2525 Plani.
1164 2461 1259 2527 Most.
1282 2464 1311 2544 I,

154 2570 183 2643 3,
210 2570 224 2626 l
251 2579 314 2642 sq.:
349 2567 410 2624 Iam
440 2566 555 2637 pridem
584 2573 702 2626 ecastor
731 2564 840 2638 frigida
868 2579 924 2621 non
953 2560 1014 2620 loci
1040 2562 1133 2634 magis
1161 2563 1309 2638 lubenter,

152 2666 217 2724 Nec
241 2663 320 2737 quod
342 2678 388 2720 mc
413 2663 529 2735 meiius,
551 2681 618 2721 mea
635 2663 760 2737 Scapha,
783 2677 855 2719 reor
871 2675 935 2718 esse
953 2659 1118 2718 delicatam.
1143 2658 1239 2732 (Reor
1255 2675 1311 2738 po·

153 2757 280 2823 tentiali
314 2754 544 2836 significatione
576 2775 708 2838 prorsus
743 2761 869 2837 spectat
902 2752 942 2817 ad
976 2758 1104 2832 tempus
1138 2763 1311 2834 praesens).

154 2857 281 2921 Terent.
303 2854 430 2919 Phorm.
455 2853 510 2931 IV,
536 2863 565 2933 3,
588 2861 645 2919 42:
668 2859 829 2916 inventust
856 2871 932 2927 quae
959 2855 1058 2914 dotem
1076 2857 1167 2924 petat.
1204 2853 1310 2928 (Attio

153 2952 284 3034 petendi
315 2956 441 3031 spectat
463 2951 559 3015 otiam
584 2954 772 3046 adxternpus
796 2948 973 3031 praesens).
1019 2949 1095 3012 Hec.
1118 2947 1173 3024 IV,
1200 2955 1227 3028 l,
1252 2956 1312 3014 58:

153 3071 250 3128 neque
279 3052 443 3110 detructum
473 3054 501 3111 ei
529 3055 572 3111 est
592 3053 762 3126 quicquam,
792 3050 844 3122 qut
866 3054 934 3123 post
952 3048 1048 3120 possit
1068 3050 1152 3106 nosci
1175 3051 1224 3122 qui
1246 3050 1308 3111 sict.

154 3148 235 3213 Cunr
267 3146 411 3227 perfeeto
439 3147 543 3210 Plaut.
571 3147 659 3210 Asin.
682 3145 741 3225 ΠΙ,
766 3150 795 3225 2,
824 3147 878 3208 26:
911 3146 970 3206 Ubi
997 3142 1140 3203 aedium
1166 3146 1244 3218 quod
1273 3146 1313 3206 sit

154 3250 211 3310 tibi
242 3247 342 3306 datum
371 3263 437 3308 esse
462 3247 648 3320 percepturis.
692 3241 773 3307 Rud.
797 3241 823 3318 I,
848 3247 876 3320 2,
901 3244 943 3304 40
965 3239 1048 3318 squ:
1083 3243 1139 3302 Hic
1168 3245 1249 3319 dico,
1279 3247 1310 3305 in

154 3345 255 3406 fanum
280 3345 407 3404 Veneris
430 3345 482 3418 qut
504 3345 694 3404 mulierculas
717 3343 799 3402 Duas
823 3357 922 3401 secum
944 3339 1072 3398 adducit
1093 3342 1201 3416 quique
1225 3343 1313 3402 udor-

152 3445 239 3503 rturt‘t
269 3444 325 3502 sibi
347 3443 388 3502 Ut
416 3460 478 3502 rem
507 3443 634 3502 divinam
663 3440 755 3501 iaciat
778 3445 829 3498 aut
851 3439 939 3496 hodie
954 3443 1014 3498 ‘aut
1037 3438 1112 3496 heri.
1167 3435 1312 3502 Pendent

153 3537 233 3603 haec
264 3555 303 3600 ex
332 3537 439 3600 verbis
468 3537 683 3616 praegressis:
718 3539 849 3611 Ecquem
880 3543 913 3594 tu
940 3535 989 3598 hic
1019 3536 1145 3606 videris3
1181 3532 1313 3600 offendit

157 3638 243 3717 quod
268 3634 301 3697 in
325 3635 546 3698 enuntiatione
569 3633 705 3698 relativa
727 3633 862 3713 primurn
887 3629 1085 3708 indicativus,
1109 3629 1222 3702 deinde
1239 3651 1313 3698 con·

155 3732 320 3797 iunctivus
357 3731 489 3812 perfecti
526 3731 650 3810 positus
688 3739 747 3794 est.
799 3724 979 3792 Perfectum
1017 3743 1088 3789 cum
1125 3725 1313 3808 imperfecto

154 3828 245 3893 Pers.
271 3829 297 3908 I,
322 3836 350 3906 3,
375 3833 429 3894 38;
463 3831 590 3891 Memini
620 3836 651 3890 et
678 3832 753 3901 scio,
785 3831 824 3887 Et
853 3833 883 3886 te
911 3843 958 3885 me
986 3841 1072 3884 orare
1101 3833 1131 3886 et
1159 3829 1230 3887 mihi
1253 3848 1312 3889 non

157 3945 224 3990 esse
247 3928 326 4001 quod
347 3928 457 3990 dareta
500 3915 732 3995 Ἀνακολοὺθως
754 3923 872 3988 dictum
898 3926 948 3984 est
970 3940 989 3983 a
1011 3920 1160 3985 Terentio
1184 3923 1311 3987 Phorm.

157 4022 200 4103 ΙΙ,
225 4031 252 4102 3,
277 4028 333 4088 33:
371 4027 464 4099 Quem
497 4028 622 4086 amicum
653 4029 807 4091 tuomais
834 4022 926 4081 fuisse
948 4022 1046 4092 istum,
1075 4023 1202 4095 explana
1231 4025 1312 4096 mihi,

156 4124 199 4183 Et
220 4124 273 4197 qui
296 4121 380 4194 (abl.)
404 4131 561 4198 cognatum
590 4138 637 4182 me
665 4121 722 4181 sibi
749 4137 815 4181 esse
838 4119 958 4185 diceret,
984 4114 1039 4178 ubi
1065 4133 1123 4195 per
1151 4117 1314 4181 attractio·
