3048 4770
485 93 606 134 FORMAE
629 95 735 137 Edono.
752 99 961 141 eminentissime.
1244 113 1306 174 227

146 277 229 358 ῥινοῦ
251 273 324 362 βοὸς
347 280 462 363 ἔρχεται
483 278 554 346 οὐδέ
574 307 625 363 μιν
640 284 712 368 ἴσχει
734 303 776 352 sc.
794 285 893 368 ῥινός),
917 289 977 355 hoc
992 307 1089 354 unum
1104 289 1207 357 habeo
1222 294 1308 373 quod

146 373 278 442 afferam
302 379 481 460 exemplum
504 399 543 446 ex
566 383 727 465 Terentio,
750 385 829 450 Hoc.
852 385 906 466 IV,
930 392 960 463 2,
986 393 1024 454 19
1040 405 1100 469 sq.:
1129 393 1205 453 haec
1234 397 1307 456 nini

146 493 226 536 nnnc
249 484 352 539 curent
374 495 518 560 mnxnrne,
544 491 576 543 nt
598 488 708 560 neqaor'
729 503 796 546 ιαθα
817 487 1035 564 Longinquitas
1064 492 1173 552 aetatis
1198 493 1305 569 obstet,

146 580 309 635 mortemve
333 581 463 650 espectet
484 597 594 659 meam,
619 578 673 646 ubi
696 599 734 648 ex
756 586 827 666 paci
847 583 879 648 in
901 583 1003 649 altero
1025 585 1167 649 membro
1200 593 1306 654 mente

144 667 326 736 addendum
350 679 399 738 est
419 676 455 738 is.

234 773 283 832 11.
329 769 472 838 Tertium
501 780 564 853 est,
593 777 620 842 si
647 777 737 862 iuxta
762 784 926 861 ponuntur
954 780 1037 845 duae
1065 780 1304 850 enunciationes

145 864 317 943 primariae
350 869 382 934 in
415 877 672 952 oratiomodo,
708 877 762 942 ubi
792 877 981 959 pierumque
1009 884 1233 960 exspectatur,
1269 885 1306 945 ut

142 961 248 1028 altera
269 983 287 1029 θ
309 967 416 1046 priore
439 976 668 1050 peractionem
696 979 862 1038 orationem
884 993 1040 1057 suspensa
1071 975 1120 1041 sit.
1167 977 1305 1043 Maxime

144 1057 206 1125 hoc
228 1079 288 1126 usu
312 1065 453 1132 venitin
476 1071 584 1136 verbis
606 1073 697 1148 socio,
720 1076 814 1144 mado,
838 1075 952 1152 opinor,
972 1077 1085 1151 fateor,
1109 1078 1180 1155 soto,
1203 1080 1306 1157 sopito,

141 1175 238 1236 spero,
261 1179 371 1234 ceaceo,
394 1168 469 1237 dico,
490 1171 584 1249 rideo,
607 1177 755 1243 certumst,
778 1173 860 1238 eiiis.
906 1171 1074 1239 Ponuntur
1096 1179 1201 1238 eutem
1226 1173 1306 1240 haec

142 1258 244 1324 verba
258 1259 351 1325 modo
368 1263 399 1326 in
414 1265 569 1344 principio
583 1269 824 1348 enunciationis,
840 1270 934 1334 modo
947 1267 979 1334 in
991 1275 1135 1335 extrema
1149 1289 1196 1347 θα,
1212 1273 1307 1337 modo

141 1357 340 1434 παρενθέτως
351 1359 546 1428 inseruntur.
569 1365 612 1430 Et
624 1367 656 1431 in
668 1367 861 1448 universum,
879 1369 905 1434 si
917 1383 1027 1434 verum
1044 1369 1185 1449 quoeris,
1198 1387 1307 1436 omncs

144 1455 386 1523 enunciationes
409 1462 650 1540 parentheticee
673 1466 802 1545 proprie
825 1466 887 1531 huc
909 1471 1072 1547 spectant,
1096 1467 1210 1547 quales
1233 1474 1308 1532 sunt

146 1549 217 1615 Ter.
243 1554 375 1636 Adelph.
399 1556 425 1638 1,
449 1565 477 1634 2,
500 1566 559 1630 41:
584 1569 618 1628 et
638 1567 699 1641 (dis
719 1567 836 1641 pretio)
866 1569 923 1627 Est
949 1569 1026 1629 unde
1055 1568 1243 1644 decedent,
1274 1575 1307 1626 et

142 1654 238 1712 odhuc
263 1670 321 1715 non
345 1659 472 1721 moleste
495 1669 574 1724 sont.
618 1661 678 1734 111,
702 1669 731 1737 3,
756 1668 796 1728 38
819 1680 880 1744 sq.:
904 1667 1033 1726 Nimium
1056 1668 1136 1726 inter
1159 1681 1221 1740 vos,
1245 1669 1306 1726 De-

141 1763 219 1826 mea,
242 1749 324 1824 (Noa
345 1759 417 1828 outo
440 1758 509 1820 odes
525 1777 670 1835 praesens
691 1762 755 1824 dico
778 1762 845 1854 aaa)
867 1765 1044 1838 pernimiam
1067 1766 1147 1825 inter
1169 1772 1225 1826 est.

230 1845 341 1914 Livius
362 1853 504 1918 Andron.
534 1856 572 1920 fr.
604 1866 624 1922 4
655 1857 763 1924 Terei=
793 1860 925 1939 Credita,
956 1863 1029 1923 Gom
1059 1864 1111 1923 illo
1140 1865 1205 1924 solo
1237 1881 1304 1922 neo

140 1948 295 2008 voluntate
330 1969 486 2028 numquam
523 1957 641 2017 limavit
672 1966 770 2034 ceput.
820 1957 923 2022 Pleut.
959 1955 1071 2038 Amph.
1102 1957 1133 2038 I,
1168 1963 1198 2038 1,
1232 1965 1306 2022 141:

142 2047 238 2108 medo
260 2049 433 2113 misericors
454 2059 506 2116 est.
552 2054 625 2117 nui.
650 2055 727 2134 proi.
757 2075 785 2119 v.
811 2061 866 2121 39:
894 2057 1005 2131 credo,
1029 2071 1131 2118 euram
1155 2061 1307 2133 inspicere

137 2145 269 2219 o0V21¹0
296 2156 478 2229 tobreptum
501 2156 568 2216 siet.
612 2151 638 2231 Ι,
662 2155 846 2231 2,23:1>01
870 2173 906 2216 θα
927 2158 1002 2231 ipso,
1024 2156 1128 2229 credo,
1152 2175 1188 2216 ne
1214 2160 1313 2218 intro-'

140 2249 287 2327 mittetur,
311 2255 400 2314 cocat.
437 2270 466 2312 v.
482 2255 537 2314 32:
561 2271 663 2313 omnes
686 2255 768 2314 illico
792 2256 839 2314 Me
855 2255 1051 2327 saeptceatar,
1075 2253 1170 2325 credo,
1196 2256 1306 2314 hebere

141 2363 246 2407 eurum
276 2351 364 2410 domi.
413 2348 462 2428 II,
491 2355 525 2427 2,
550 2353 588 2414 27
614 2367 676 2429 sq.:
709 2350 803 2411 Credo
826 2353 949 2426 edepol,
976 2351 1025 2411 ubi
1049 2354 1228 2411 mentionem
1252 2371 1307 2426 ego

143 2444 246 2507 fecero
270 2448 306 2508 de
329 2448 407 2527 filie,
436 2449 512 2509 Mihi
535 2456 568 2508 ut
591 2449 791 2523 despondent,
820 2467 885 2510 sese
909 2467 928 2509 α
955 2466 1000 2507 me
1029 2449 1159 2508 derideri
1181 2450 1304 2512 rebitur.

143 2547 174 2621 9,
198 2545 235 2606 8:
259 2547 354 2622 (ioqui
378 2547 479 2608 herois
502 2545 588 2606 credo
610 2546 729 2618 faciant
750 2545 879 2608 officinm
903 2564 996 2607 sunm.
1026 2541 1085 2621 ΙΙΙ,
1108 2549 1137 2624 6,
1162 2550 1215 2610 32;
1239 2565 1306 2607 nom

141 2644 201 2702 iem
222 2643 307 2702 medo
329 2649 476 2706 mortuone
499 2642 556 2715 (sic
578 2641 733 2707 Fleckeis.
758 2643 789 2706 in
813 2642 915 2707 Inhnii
938 2639 1040 2705 ennai.
1061 2646 1152 2722 1851,
1175 2641 1236 2708 vol.
1254 2647 1306 2723 61,

142 2743 220 2803 sect.
247 2744 278 2819 1,
301 2757 332 2820 p.
356 2745 418 2815 41).
463 2739 517 2819 IV,
542 2743 577 2810 5,
601 2745 637 2804 4:
672 2741 765 2802 Credo
787 2742 895 2815 ecferet
915 2745 973 2801 iam
1003 2759 1101 2802 securo
1126 2751 1156 2802 ot
1178 2743 1307 2802 mactabit

143 2841 251 2899 iocum.
284 2835 355 2902 Cos.
380 2837 424 2916 ΙΙ,
447 2842 475 2910 6,
499 2841 552 2903 31:
576 2840 643 2899 Tibi
666 2841 783 2915 quidem
808 2841 925 2915 edepol,
949 2839 1033 2898 credo
1057 2840 1173 2900 eaeaiet.
1205 2857 1233 2901 v.
1249 2841 1305 2902 36:

147 2937 243 2999 credo
262 2937 375 3016 hercle,
400 2939 487 2998 hodie
510 2937 658 2998 devotabit
680 2939 780 3012 sortis,
804 2939 827 2997 si
851 2939 993 3023 attigerit.
1026 2935 1063 3013 V,
1087 2939 1116 3013 4,
1141 2941 1176 2995 7:
1207 2938 1307 3011 credo,

142 3035 284 3112 perdidit.
333 3032 410 3098 cist.
433 3033 479 3109 ΙΙ,
501 3039 538 3104 [3,
564 3037 618 3097 81:
645 3035 720 3094 Nam
749 3036 779 3093 ni
809 3036 983 3107 intellexes,
1015 3051 1179 3111 nunqnam,
1209 3034 1303 3107 oredo,

142 3133 302 3195 amitteres.
350 3131 440 3212 npid.
464 3129 507 3211 ΙΙ,
532 3136 561 3202 2,
584 3135 641 3196 74:
665 3135 740 3193 Nem
763 3130 815 3192 ilie
839 3131 957 3207 quidem
973 3139 1024 3190 ant
1043 3131 1103 3190 inm
1127 3132 1175 3192 hic
1199 3132 1305 3204 oderit,
1364 3143 1368 3150 ’

142 3231 229 3294 oredo
252 3234 371 3305 hercle,
404 3239 455 3292 eut
477 3233 535 3292 iem
559 3230 652 3294 adest.
697 3227 752 3309 IV,
785 3231 816 3308 1,
840 3231 874 3292 8:
900 3229 987 3290 eredo
1009 3246 1078 3304 ego,
1106 3231 1151 3296 ilii
1174 3229 1305 3304 hospitio

143 3351 215 3392 nsus
231 3333 333 3392 evenit.
356 3327 471 3393 Bacch.
487 3328 513 3407 Ι,
538 3332 565 3404 1,
592 3332 644 3392 13:
669 3329 730 3389 lom
754 3330 802 3388 hic
825 3327 911 3388 credo
933 3327 1039 3385 aderit.
1063 3322 1105 3403 ΙΙ,
1124 3329 1152 3403 3,
1171 3329 1230 3388 127
1247 3341 1306 3404 cqc

146 3427 241 3489 Credo
265 3430 367 3489 hercle
398 3430 559 3489 adveniens
588 3445 693 3488 nomen
716 3427 844 3488 mutabit
870 3426 942 3484 mihi
965 3424 1126 3498 Factetqne
1157 3427 1307 3498 extempio

143 3527 221 3589 cett.
244 3521 329 3588 Men.
344 3525 383 3604 V,
399 3531 428 3604 5,
441 3529 496 3588 62:
521 3526 558 3585 ed
581 3533 698 3585 noctem
716 3527 831 3601 saltem,
856 3522 958 3599 oredo,
980 3521 1164 3581 tatroraittar
1179 3523 1305 3584 domurn.

144 3629 175 3699 9,
200 3625 256 3686 991
280 3625 337 3684 Vin
356 3624 441 3683 credo
465 3625 602 3685 auctione
625 3627 691 3683 tote
712 3623 809 3696 capiet
837 3623 1115 3696 quinquagensiens.
1160 3617 1258 3682 Merc.
1281 3617 1307 3694 Ι,

144 3725 174 3800 2,
198 3722 257 3782 94:
279 3721 380 3795 credo,
404 3739 462 3782 non
484 3721 582 3782 credet
601 3729 698 3796 pater.
729 3717 824 3781 Poen.
842 3716 879 3796 V,
897 3719 926 3793 2,
945 3718 1000 3778 561
1024 3719 1186 3792 Mercator,
1209 3719 1306 3795 credo,

143 3824 194 3880 est.
239 3833 268 3877 v.
293 3821 348 3880 60:
376 3819 423 3881 Ad
451 3820 585 3895 messim,
607 3817 709 3892 oredo,
730 3818 841 3877 missas
864 3819 915 3875 est.
962 3813 990 3890 6,
1015 3817 1070 3876 26:
1110 3815 1213 3891 Credo,
1236 3834 1306 3876 con·

144 3919 211 3978 redi
228 3920 335 3992 potest.
381 3911 468 3979 Pers.
492 3914 522 3994 Ι,
546 3920 581 3993 3,
606 3921 643 3981 9:
670 3919 731 3977 Iam
756 3918 807 3991 poi
835 3915 887 3972 ille
910 3911 958 3970 hic
982 3910 1093 3985 ederit,
1117 3914 1211 3986 credo,
1236 3931 1306 3972 con·

147 4033 237 4090 gerno
265 4031 359 4077 mens.
403 4011 484 4077 Rud.
509 4011 539 4092 Ι,
563 4016 597 4092 2,
622 4016 677 4078 63:
709 4016 785 4088 Quin
813 4017 883 4087 post
905 4025 1025 4084 cenom,
1048 4009 1145 4085 credo,
1170 4011 1309 4071 laverant

145 4115 221 4173 heri.
270 4108 329 4187 ΙΙΙ,
354 4114 382 4188 6,
404 4115 463 4176 49:
485 4113 551 4172 Illic
574 4113 603 4171 in
628 4114 804 4186 columbum,
826 4105 921 4185 credo,
944 4108 1012 4166 leno
1034 4109 1170 4170 vortitur.
1217 4104 1303 4168 Trin.

1033 4203 1096 4269 15*
