3090 4768
280 170 322 231 54
723 155 850 198 manum
879 155 941 198 ΟΑΡ.
956 155 984 195 X.

282 351 453 425 fucultatem
483 350 608 411 obsecro
630 349 708 408 Huic
729 347 877 422 pociundi
906 353 994 422 atque
1026 348 1071 408 ilii
1099 348 1129 406 iu
1158 347 1224 408 aliis
1250 348 1350 421 potius
1366 364 1435 420 pec-

281 449 497 512 cundiiocum.
541 444 580 524 V,
607 451 633 524 1,
657 449 691 509 2:
721 445 908 506 ormcdiiam
933 444 1118 518 domniaco.
1163 441 1189 522 Ι,
1216 446 1341 517 1,127:
1377 445 1432 517 Qui

277 550 370 625 igitur
399 547 523 606 relictus
553 555 600 606 est
623 544 801 618 obiurgandi
823 543 922 604 lones?
966 539 1007 620 ΙΙ,
1030 544 1059 621 2,
1085 546 1140 605 17:
1177 560 1251 617 quae
1274 561 1353 602 nuuc
1375 561 1432 602 nou

279 655 326 706 est
354 643 507 703 ramundi
534 643 636 705 locus?
680 640 736 719 IV,
762 644 789 718 1,
814 644 847 704 6:
880 643 911 700 id
939 642 1119 703 homiuumst
1141 657 1233 716 genus
1256 657 1434 714 pessumum,

277 740 456 816 Dencpuadi
485 744 572 801 modo
600 743 665 816 quis
687 740 788 814 pudor
818 741 937 814 paulurn
967 741 1061 800 adest.
1113 736 1140 816 1,
1164 741 1192 814 2,
1217 740 1272 798 11:
1307 741 1432 812 spatium

279 838 441 915 cogitandi.
486 836 546 902 Ad.
570 835 628 915 111,
654 842 683 915 3,
708 839 762 899 65:
799 856 858 898 uon
885 839 986 898 hercle
1009 837 1129 897 unumst
1148 838 1234 896 Nunc
1256 838 1296 896 mi
1319 838 1433 898 auscul-

280 935 394 998 tandi*
418 933 522 998 Etiam
544 937 698 996 adiectione
720 933 857 998 additur.
904 929 983 996 Cato
1006 933 1042 996 R.
1066 933 1103 996 R·
1126 929 1241 1012 praet:
1270 935 1430 994 studiosum

281 1066 325 1078 —
355 1036 399 1103 rei
430 1035 628 1109 quaerendae.
674 1031 801 1096 Terent.
829 1030 906 1095 Hec.
936 1029 961 1110 Ι,
989 1035 1018 1110 2,
1051 1033 1088 1094 16
1112 1046 1172 1110 sq.:
1212 1034 1306 1106 Quam
1328 1033 1433 1105 cupido

287 1149 370 1196 cram
393 1133 451 1192 huc
473 1131 624 1200 redeundi,
647 1131 775 1192 abeundi
796 1149 814 1191 a
834 1132 930 1192 milito
951 1132 1069 1206 Vosque
1093 1132 1141 1191 hic
1163 1129 1289 1189 videndi.
1324 1127 1382 1206 ΙΙΙ,
1405 1135 1435 1206 3,

284 1231 333 1294 12.
399 1227 572 1292 Praeterea
609 1227 786 1307 singulares
820 1227 978 1306 quaedam
1016 1227 1147 1308 genitivi
1184 1227 1432 1292 constructiones

279 1330 404 1394 restant
436 1324 734 1390 commemorandae.
784 1325 928 1388 Primum
953 1325 1096 1405 pertinet
1120 1324 1182 1389 huo
1212 1323 1301 1388 locus
1330 1322 1433 1402 Plauti
1470 1371 1471 1384 ,

278 1425 395 1492 Pseud.
419 1422 445 1501 I,
472 1429 499 1502 1,
524 1430 555 1488 3:
585 1427 717 1484 Duorum
748 1425 845 1484 labori
868 1441 923 1500 ego
952 1425 1102 1484 hominum
1130 1426 1293 1499 parsissem
1316 1425 1430 1485 lubens:

279 1525 347 1586 Mei
367 1529 395 1583 te
415 1523 542 1596 repandi
565 1532 595 1582 et
619 1522 656 1581 tis
677 1522 872 1594 respondendi
893 1521 976 1596 mihi,
999 1519 1052 1585 ubi
1074 1520 1243 1586 brevitatis
1267 1538 1364 1584 causa
1378 1537 1433 1598 per

281 1620 473 1701 epexegesiu
504 1617 658 1698 gerundia
687 1617 728 1682 ad
757 1619 828 1699 ipsa
855 1617 1043 1700 pronomina
1069 1617 1178 1682 addita
1206 1623 1294 1693 suut,
1328 1618 1373 1680 ita
1400 1622 1434 1681 ut

280 1726 390 1782 mente
415 1716 624 1797 repetendum
648 1715 689 1780 sit
712 1716 991 1796 exsuperioribus
1014 1717 1121 1795 labori,
1145 1733 1172 1780 v.
1196 1714 1430 1779 Weissenborn.

277 1835 309 1898 p.
335 1820 405 1881 119.
449 1813 553 1894 Magis
576 1815 672 1878 etiam
695 1811 839 1895 offendit,
870 1814 955 1894 quod
981 1831 1205 1892 nonnunquam
1229 1817 1359 1892 praeter
1380 1830 1432 1892 ge

277 1913 386 1980 rundii
408 1913 581 1994 genitivum
605 1909 686 1976 alius
709 1910 870 1992 genitivus
897 1931 936 1976 ex
966 1912 1091 1976 uomina
1114 1926 1287 1991 suspensus
1309 1915 1368 1989 est,
1393 1911 1430 1973 de

278 2029 343 2094 qua
356 2029 392 2076 re
405 2008 555 2075 refutatis
569 2012 747 2075 ceterorum
762 2009 902 2074 virorum
919 2011 1084 2076 doctorum
1100 2008 1432 2074 sententiichisscn-

277 2109 410 2176 boruius
425 2126 457 2189 p.
476 2112 535 2175 122
559 2107 639 2172 haec
661 2107 773 2172 habet:
797 2105 877 2186 „hoc
899 2107 977 2172 mihi
990 2107 1117 2172 videtur
1133 2107 1337 2172 statuendum
1354 2125 1429 2172 esse.

280 2207 479 2274 Gennadium
507 2225 579 2272 cnm
609 2203 714 2270 forma
739 2204 930 2270 substantivi
958 2205 1021 2270 vim
1044 2204 1165 2268 referat
1187 2202 1347 2283 infinitivi,
1378 2221 1431 2284 per

280 2323 316 2372 se
351 2305 479 2388 quidem
513 2322 577 2374 non
598 2304 737 2369 alienum
761 2321 832 2368 esse
859 2304 900 2368 ad
924 2303 1117 2370 substantivi
1144 2303 1284 2368 verbalis
1317 2299 1432 2384 signifi-

283 2404 409 2470 catione
434 2408 467 2468 et
489 2407 652 2484 potestate
685 2405 718 2466 et
747 2402 787 2465 ad
815 2402 884 2466 eius
916 2401 1095 2482 exemplum
1129 2401 1288 2466 adiectum
1319 2401 1432 2467 habere

284 2519 379 2582 posse
410 2501 599 2582 genitivum,
630 2500 687 2564 sed
714 2501 795 2564 adeo
822 2500 854 2563 iu
882 2517 919 2564 eo
950 2507 985 2567 ut
1012 2501 1044 2564 in
1071 2498 1227 2563 infinitivo
1250 2499 1432 2579 praevalere

279 2600 343 2664 vim
365 2598 538 2678 verbalem,
569 2606 606 2661 ut
631 2595 702 2661 non'
725 2598 795 2662 ausi
823 2597 887 2662 sint
907 2596 1013 2661 Latini
1034 2615 1093 2681 pro
1116 2597 1214 2662 verbo
1238 2597 1433 2662 substantivo

278 2695 398 2760 habere
430 2701 462 2761 et
490 2696 665 2777 genitivum
694 2694 845 2765 adiicere,
876 2695 933 2758 sed
959 2694 1004 2759 ibi
1026 2699 1149 2760 tantum
1173 2696 1233 2760 hoc
1256 2696 1318 2760 sibi
1340 2695 1432 2760 licere

278 2795 477 2876 putaverint,
516 2794 570 2859 ubi
607 2793 669 2858 alio
706 2793 833 2856 nomine
876 2791 1046 2858 fulciretur
1090 2797 1123 2857 et
1167 2788 1431 2859 sustentaretur.“

280 2890 436 2971 Exempla
463 2900 538 2956 sunt
565 2891 670 2957 Plaut.
700 2889 790 2970 Capi.
807 2887 869 2970 IV,
893 2895 921 2970 2,
945 2895 1000 2954 72;
1029 2893 1214 2953 Nominandi
1234 2895 1360 2954 istorum
1382 2891 1432 2950 tibi

281 2994 341 3052 erit
368 2994 462 3067 magis
493 3009 579 3067 quum
610 2992 720 3052 edundi
742 2993 835 3065 copia.
878 2989 921 3054 ib.
945 2989 982 3068 V,
1004 2995 1035 3066 4,
1061 2995 1112 3054 ll:
1149 2994 1225 3066 Quia
1246 2996 1287 3052 mi
1310 2995 1379 3052 item
1402 2997 1431 3048 ut

280 3097 424 3168 parentes
454 3089 528 3152 aas
555 3091 608 3150 das
636 3091 736 3151 tuendi
765 3091 888 3164 copiam.
933 3087 1060 3152 Terent.
1083 3087 1199 3152 Heaut.
1223 3089 1303 3169 prol.
1327 3109 1354 3152 v.
1378 3089 1430 3148 29:
1509 3107 1511 3114 ·

263 3189 437 3268 ,Nonarum
460 3189 511 3264 qui
532 3189 682 3262 spectandi
705 3187 819 3248 faciunt
842 3186 963 3262 comam.
990 3185 1115 3249 Deinde
1137 3203 1235 3250 unum
1258 3183 1430 3264 exenrplum

283 3289 382 3364 extat,
405 3285 460 3350 ubi
480 3285 521 3348 ad
544 3288 596 3355 ini,
619 3285 673 3348 ubi
695 3283 735 3347 de
757 3283 907 3347 feminino
930 3283 1050 3348 dictum
1075 3289 1133 3361 est,
1157 3293 1263 3350 tamen
1286 3284 1385 3348 forma
1399 3280 1429 3342 in

273 3383 311 3460 di
333 3381 440 3446 exiens
463 3383 589 3448 adiecta
611 3387 671 3459 est,
693 3381 798 3446 Plaut.
821 3381 912 3447 Truc.
929 3381 971 3458 11,
987 3387 1018 3462 4,
1037 3386 1089 3446 19:
1121 3386 1165 3444 tot
1186 3385 1307 3444 videndi
1321 3384 1430 3458 nomast

280 3478 336 3544 ubi
367 3497 437 3545 cnm
460 3479 718 3546 Weissenbormo
746 3496 775 3559 p.
804 3483 863 3543 123
896 3478 1043 3544 dubitare
1070 3478 1161 3559 licet,
1194 3487 1298 3544 utrum
1328 3477 1429 3544 Latini

279 3577 513 3643 terminationis
537 3577 685 3658 speciem,
708 3595 771 3640 uon
793 3594 950 3657 personae
974 3595 1074 3658 genus
1097 3578 1199 3644 secuti
1222 3580 1294 3659 siut,
1318 3596 1358 3642 an
1378 3591 1428 3656 ge-

267 3675 386 3740 nnadii
420 3676 529 3756 potius
567 3693 662 3756 quam
707 3674 874 3756 gerundivi
920 3674 1060 3755 genitivo
1106 3675 1213 3742 dicere
1250 3675 1426 3740 maluerint.

266 3771 383 3838 ¹Aliter
412 3780 487 3840 suut
514 3773 702 3855 explicandi⁴
720 3779 753 3839 et
783 3773 824 3838 ad
851 3773 999 3853 superius
1025 3773 1133 3853 potius
1163 3793 1263 3856 genus
1287 3773 1431 3853 spectant

270 3877 319 3943 .(v.
344 3871 449 3938 Senot.
472 3871 604 3938 Minerv.
627 3891 657 3954 p.
680 3876 754 3943 459)
784 3870 847 3935 duo
875 3869 938 3934 loci
964 3871 1049 3951 apud
1078 3871 1276 3951 Terentium,
1311 3871 1364 3935 ubi
1390 3865 1428 3930 ad

277 3986 453 4052 pronomen
485 3974 549 4033 eius
576 3970 616 4034 de
638 3967 787 4034 feminino
811 3968 932 4032 dictum
954 3967 1057 4033 forma
1078 3971 1111 4033 iu
1133 3973 1164 4030 di
1187 3970 1356 4034 terminata
1377 3982 1428 4044 ap·

275 4069 383 4151 posita
418 4074 476 4149 est,
511 4069 565 4133 ubi
599 4067 776 4133 certissime
807 4074 856 4130 est
886 4067 1085 4146 gerundium.
1138 4067 1219 4133 Sunt
1249 4075 1355 4131 autem
1383 4059 1427 4124 hi:

276 4165 404 4234 Terent.
433 4167 560 4240 Phorm.
583 4166 608 4240 Ι,
633 4171 662 4242 3,
686 4170 745 4230 24;
778 4169 820 4228 Ut
846 4185 941 4242 neque
970 4169 1042 4226 mihi
1072 4169 1134 4228 eins
1163 4170 1202 4228 sit
1223 4165 1354 4228 manendi
1375 4176 1427 4220 nec
