3076 4762
213 203 274 274 118
644 193 770 234 VERBUH.
798 194 861 238 ΟΔΡ.
874 193 925 236 ΧΠ.

213 385 354 465 canaam
376 385 410 445 et
432 383 559 457 aaaado,
582 386 616 448 et
637 381 807 463 temporali
829 387 863 450 et
885 379 1005 448 causali
1029 373 1271 459 significatione.
1297 371 1369 438 Aul.

211 481 293 561 prol.
316 499 346 544 v.
371 485 405 548 9:
429 484 459 544 Is
481 484 622 555 pacatam
642 485 778 544 moritur.
802 479 914 548 Bacch.
939 477 989 554 II,
1014 481 1042 557 3,
1068 479 1124 542 70:
1148 475 1296 552 Quondam
1318 471 1391 534 err-‘⁴

211 581 323 653 templa
347 598 365 642 a
387 586 477 654 portu
499 582 543 640 ira
567 599 620 643 nos
644 599 711 645 aum
727 598 800 644 auro
815 580 924 642 uideat.
955 575 1083 640 Terent.
1101 571 1198 638 Andr.
1222 569 1247 649 1,
1265 574 1293 648 b,
1315 572 1371 632 15:

210 679 354 754 moniam
380 678 492 736 nemini
518 679 636 741 obtrudi
666 683 779 756 potest,
809 680 873 741 Itur
902 676 940 738 ad
969 693 1026 738 me.
1055 670 1220 750 H‚1‚o:
1250 671 1371 743 Quaeso

213 775 330 849 edepol,
355 776 494 848 connino,
518 778 658 848 pacatam
680 795 739 838 non
756 779 854 850 potest
878 775 910 836 id
931 774 1012 848 fieri,
1040 771 1203 849 quodvis,
1226 768 1262 830 ld
1284 767 1370 840 velis,

214 876 293 948 quod
315 876 421 948 possit.
445 869 549 938 Plaut.
575 872 684 951 Amph.
706 872 789 953 prol.
812 891 841 938 v.
868 875 935 936 123.
959 868 1025 949 ΙΙΙ,
1051 874 1083 945 1,
1107 871 1137 932 2.
1159 871 1189 930 4.
1213 870 1242 943 3,
1268 868 1317 927 17.
1340 867 1371 940 4,

214 972 264 1034 12.
288 968 374 1034 Asin.
393 966 436 1046 11,
461 972 490 1048 2,
515 975 566 1034 57.
591 968 789 1048 Boanum,
814 974 843 1047 3,
865 973 921 1034 41:
950 971 1006 1032 Ne·
1020 970 1129 1043 attigas
1150 981 1275 1041 puerum
1293 965 1373 1024 istae

214 1085 335 1141 caussa,
364 1069 481 1141 quoodo
512 1069 583 1141 socii
603 1076 736 1130 strenue.
780 1067 866 1135 Men.
883 1065 923 1144 V,
945 1069 982 1144 5,
1006 1068 1056 1130 27.
1079 1063 1167 1128 Pers
1190 1060 1236 1138 ll,
1260 1063 1290 1138 2,
1313 1064 1372 1123 41:

212 1166 333 1238 quoodo
361 1167 405 1228 ita
425 1172 516 1234 certa
543 1171 613 1231 rest.
658 1164 713 1244 IV,
736 1170 766 1247 4,
790 1169 848 1230 89:
876 1165 994 1240 quando
1023 1165 1073 1224 hin
1094 1163 1199 1228 servio.
1222 1161 1297 1220 htec
1319 1175 1372 1234 12³·

214 1264 305 1327 triast
326 1281 402 1332 mea·
449 1261 546 1328 Stich.
570 1261 596 1340 Ι,
620 1270 649 1342 3,
673 1267 732 1328 64.;
758 1265 912 1328 Ridiculus
936 1281 1029 1340 aeque
1053 1263 1166 1324 nullust
1187 1256 1301 1334 [quam]
1324 1257 1372 1315 bia

217 1363 336 1434 amodo
359 1363 475 1425 assuat.
522 1360 614 1432 Truo.
640 1359 681 1440 II,
708 1367 736 1440 l,
761 1367 817 1426 30:

343 1462 419 1523 Nam
440 1461 560 1542 paaado
585 1463 696 1522 sterilis
720 1466 763 1524 est
784 1467 899 1522 amator
921 1479 939 1522 a
962 1461 1050 1535 datis,

345 1559 409 1642 Nec
432 1561 505 1619 satis
528 1560 695 1632 accipimus,
719 1562 792 1620 satis
817 1577 906 1636 ouum
927 1559 1007 1634 quod
1030 1559 1082 1618 det
1096 1545 1271 1626 nonhabet,

344 1655 376 1714 si
399 1665 487 1730 negat
510 1657 621 1718 habero
645 1659 722 1732 quod
746 1660 805 1734 det,
830 1660 885 1720 soli
909 1659 1058 1718 cubitiost.

216 1747 284 1826 (Sic
316 1748 426 1814 Herm.
462 1753 494 1816 in
521 1771 607 1818 cens.
636 1753 851 1832 Kampmanni
878 1753 917 1818 de
942 1757 993 1814 AB
1024 1767 1135 1830 praep.
1159 1766 1220 1812 usu
1242 1745 1372 1820 Plaut).

216 1844 343 1912 Terent
367 1848 503 1929 Adelph.
527 1851 565 1929 V,
588 1858 617 1929 3,
647 1855 699 1914 16:
722 1854 847 1927 Quaado
870 1870 925 1928 ego
947 1859 1027 1912 tuom
1051 1868 1108 1910 non
1131 1865 1218 1916 caro,
1242 1865 1278 1906 ne
1302 1863 1374 1906 cura

181 1937 183 1949 '
216 1963 322 2010 meum.
366 1943 482 2009 Itidem
504 1951 753 2022 quandoquidem,
784 1953 819 2010 ut
842 1949 938 2012 Andr.
962 1946 1022 2025 ΙΙΙ,
1046 1951 1076 2026 2,
1100 1952 1133 2010 7:
1157 1949 1239 2006 Deos
1262 1961 1373 2020 quaeso

216 2049 251 2102 ut
273 2045 312 2103 sit
333 2052 494 2118 superstes,
519 2047 753 2120 quandoquidem
775 2049 870 2121 ipscst
890 2049 1008 2123 ingenio
1030 2048 1116 2108 bono.

262 2157 266 2162 ·
307 2144 334 2203 6.
366 2139 573 2206 'Perventum
597 2143 709 2208 estad
732 2144 920 2222 particulam
944 2161 1052 2221 mom,
1082 2159 1165 2222 quae
1185 2159 1249 2204 non
1272 2139 1375 2204 solum

218 2235 252 2304 si
269 2255 389 2302 meram
412 2240 583 2318 temporis,
608 2241 663 2304 sed
687 2241 872 2320 saepissime
888 2240 1001 2320 etiam,
1027 2240 1053 2306 si
1077 2255 1192 2304 causae
1215 2237 1376 2302 notionem

215 2333 331 2412 nabeo,
364 2357 383 2402 a
404 2335 517 2415 priscis
540 2337 754 2417 scriptoribus
780 2357 851 2402 cum
874 2337 1044 2402 indicativo
1066 2337 1219 2417 iungitur.
1272 2333 1377 2413 Saepe

217 2436 326 2499 tamen
348 2441 485 2514 utraque
508 2433 699 2515 significatio
726 2437 827 2500 mixta
855 2443 1006 2515 apparet,
1038 2435 1084 2500 ita
1109 2441 1146 2498 ut
1172 2433 1267 2496 modo
1296 2432 1376 2497 haec

218 2531 313 2599 modo
335 2531 391 2594 illa
412 2532 608 2611 praevaleat·
621 2539 654 2598 et
676 2534 782 2614 patior
804 2533 856 2597 sit.

303 2645 330 2690 a.
375 2631 472 2704 Quam
500 2633 664 2705 temporale.
713 2631 809 2710 Appii
840 2629 966 2694 Claudii
996 2628 1089 2696 Caeci
1125 2627 1286 2708 sententia
1322 2643 1373 2706 ap.

217 2722 367 2794 Priscian.
413 2725 508 2806 VIII,
535 2734 555 2791 4
586 2726 717 2808 (agger.
747 2747 775 2807 p.
803 2728 893 2810 101):
922 2732 1056 2792 Amicum
1083 2745 1150 2790 cam
1176 2729 1271 2795 eides,
1300 2728 1374 2786 obli-

217 2825 332 2887 viscere
356 2827 500 2894 miserias.
530 2824 629 2890 NacV.
646 2824 682 2888 fr.
700 2825 760 2890 inc.
777 2844 855 2890 com.
872 2832 907 2891 9:
930 2845 998 2886 eum
1020 2829 1135 2902 argenti
1151 2826 1234 2885 adest
1255 2822 1377 2886 oratio?

221 2916 258 2996 Q.
282 2919 400 2988 Fabius
421 2919 530 2986 Pictor
559 2939 609 3000 ap.
632 2921 715 2986 Gall.
739 2923 783 3002 X,
811 2929 849 2988 15
880 2922 1003 3004 (Egger
1025 2941 1054 3002 p.
1081 2922 1170 2997 toul:
1203 2939 1270 2984 cam
1297 2924 1377 2982 bella

219 3021 389 3084 oonsulibus
412 3023 641 3082 mandabantur.
674 3019 753 3084 cato
781 3021 817 3086 R·
841 3022 878 3086 R.
902 3019 1020 3100 prael:
1051 3024 1146 3082 virum
1177 3022 1286 3080 bouum
1311 3037 1377 3080 eom

219 3117 390 3182 laudabant.
415 3115 448 3181 C.
475 3123 507 3182 1:
538 3121 694 3182 Praedium
722 3138 813 3194 qaam
840 3139 947 3194 parare
971 3120 1129 3193 capitoliis,
1158 3119 1202 3180 sic
1223 3119 1254 3180 in
1278 3117 1377 3178 animo

218 3215 336 3281 habeto.
361 3214 424 3282 lb:
448 3219 494 3281 Ad
518 3220 618 3278 villam
633 3236 698 3278 cam
712 3220 817 3280 aeoles
843 3215 876 3280 O.
894 3220 929 3278 5:
953 3219 1077 3278 Stercus
1093 3216 1196 3278 sedulo
1219 3231 1376 3286 conserva,

218 3328 284 3375 cam
307 3317 482 3388 exportante,
506 3318 638 3392 spargito
662 3324 692 3376 et
708 3303 907 3376 comminuito.
932 3313 966 3378 C.
984 3320 1002 3377 7
1013 3335 1019 3374 ι
1044 3315 1139 3374 Sorba
1162 3315 1193 3392 in
1216 3329 1290 3386 sapa
1312 3329 1378 3372 cam

220 3408 266 3467 ais
289 3412 416 3470 condere
440 3414 487 3472 vel
511 3413 635 3485 siccare,
662 3414 746 3472 arida
770 3413 862 3474 iacias
884 3417 959 3478 cett.
991 3409 1024 3476 O.
1051 3415 1106 3472 17:
1132 3411 1213 3484 Quae
1235 3411 1378 3470 materies

219 3522 321 3566 semen
352 3509 455 3582 habet,
490 3527 558 3574 eam
586 3529 687 3572 semen
714 3517 861 3574 maturum
888 3512 990 3586 babet,
1025 3517 1087 3572 tum
1115 3510 1295 3581 tempestiva
1322 3515 1376 3566 est.

219 3604 304 3676 Quae
327 3609 467 3670 materies
490 3625 590 3667 semen
613 3626 671 3668 non
695 3608 795 3679 habet,
818 3626 884 3670 cam
905 3608 1011 3681 abradet,
1035 3615 1095 3669 tum
1119 3600 1298 3679 tempestiva
1321 3610 1377 3663 est.

218 3696 282 3760 Ib.:
305 3703 420 3776 Ulmus,
443 3722 508 3764 cam
523 3703 596 3765 folia
618 3706 735 3774 cadomi,
758 3713 820 3766 tum
836 3713 962 3780 utraque
986 3702 1163 3777 tempestiva
1186 3706 1242 3762 est.
1267 3698 1301 3762 Ο.
1321 3703 1378 3762 19:

220 3799 377 3874 Lingulam
401 3819 467 3862 eam
488 3803 589 3874 facias.
619 3799 653 3866 Ο.
677 3807 732 3866 23:
756 3821 831 3878 quae
854 3821 929 3876 opas
953 3809 1035 3875 sunt,
1060 3817 1126 3860 cam
1147 3799 1236 3873 pluet.
1261 3795 1296 3860 O.
1321 3799 1378 3858 25:

221 3897 319 3974 Quam
341 3898 440 3960 vinam
464 3908 579 3960 coctum
602 3899 660 3960 crit
674 3907 705 3960 et
720 3917 811 3974 quara
826 3900 946 3975 operar,
969 3897 1060 3958 facito
1083 3900 1127 3958 nti
1151 3903 1289 3956 servetur
1305 3896 1378 3957 cett

220 3989 255 4054 0.
281 3995 335 4054 28:
366 4012 431 4054 cum
459 4015 552 4056 seres.
583 3994 650 4059 lb:
674 3998 715 4056 lu.
737 3998 842 4056 scrobe
871 4013 936 4056 com
958 4013 1059 4068 pocae.
1090 3991 1123 4058 G.
1149 3999 1203 4053 31:
1233 3995 1380 4064 Ulmeam,

220 4092 349 4169 pineam,
374 4111 507 4166 nuceam,
530 4095 606 4154 hane
630 4101 718 4169 atque
742 4097 1007 4154 allammateriem
1025 4109 1140 4152 omnam
1163 4109 1229 4154 cam
1252 4091 1379 4165 effodies,

222 4189 293 4248 luna
315 4189 513 4258 decrescente
538 4193 667 4252 eximito
695 4189 757 4254 lb:
786 4193 857 4252 Tum
882 4194 940 4252 erit
962 4191 1156 4264 tempestiva,
1189 4206 1255 4248 cam
1278 4205 1381 4248 semen
