3036 4766
249 153 311 214 314
558 144 622 184 CAP.
636 143 682 186 XV.
710 143 860 184 noenum
874 141 1124 184 nbunclsnlonuu.

247 352 281 396 es
303 336 334 396 iu
356 336 514 398 conubium
537 336 616 396 dats.
639 365 681 378 ·-
703 333 753 398 De
775 334 923 407 ccaidm
944 331 1030 412 cuod
1052 349 1118 396 non
1138 336 1191 396 cst
1205 337 1408 398 contractum

228 449 286 508 ¹err
308 451 359 507 epo
381 433 511 506 quidem,
534 431 615 496 bene
635 429 786 510 exposuit
798 429 954 505 Handius,
976 446 1075 508 quare
1091 431 1237 512 exempla
1253 431 1412 496 nonnulla

247 528 396 594 attulisse
419 531 498 594 satis
520 528 632 594 habeo.
676 527 781 593 Plaut.
797 527 911 606 Ampb
933 527 959 607 I,
988 531 1015 606 l,
1039 533 1111 593 255.
1150 529 1221 596 Aul.
1238 528 1283 598 ΙΙ,
1302 536 1331 604 l,
1352 533 1410 592 18:

247 631 335 692 decet
350 629 484 703 equidem
500 647 569 690 vera
584 630 731 705 proloqui.
769 630 804 705 2,
821 629 878 692 38:
902 628 993 689 Certe
1017 629 1126 704 edepol
1141 629 1282 702 meddam.
1314 625 1411 706 Capt

245 725 290 804 ΙΙ,
315 731 343 800 3,
368 730 422 790 34:
445 729 522 790 Nam
544 716 677 800 Quidem
705 727 763 788 nisi
792 726 871 801 quod
900 727 1054 788 custodem
1081 727 1177 788 babeo
1203 728 1335 790 liberum
1362 742 1412 786 mc

247 843 315 886 esse
338 826 480 886 arbitror.
524 822 616 902 Epid.
638 821 695 902 IV,
720 827 751 899 2,
774 826 829 886 33:
851 825 1083 886 Adulescentcm
1106 825 1239 897 equidem
1266 825 1413 884 dicebant

247 924 366 983 emisse.
412 919 529 986 Bacch.
553 919 613 999 ΙΙΙ,
640 925 669 998 3,
696 925 743 984 15.
788 919 872 984 Men.
895 918 937 999 ΙΙ,
963 925 991 993 3,
1019 924 1073 987 18;
1095 923 1228 998 equidm
1244 931 1355 988 tecum,
1378 917 1410 982 h.

248 1036 275 1082 e.
298 1016 443 1097 prolecto
465 1024 581 1084 tectum.
624 1016 722 1082 Merc.
745 1016 811 1096 III,
837 1023 870 1096 l,
898 1021 950 1082 10:
978 1022 1113 1096 Namque
1144 1021 1251 1095 edepol
1274 1019 1412 1092 equidem

246 1149 291 1160 -·-
313 1137 371 1178 non
395 1119 486 1180 didici
508 1121 651 1181 baiolare.
694 1115 751 1187 lv,
773 1119 878 1194 3,10:
903 1119 1052 1191 Equidem
1071 1120 1166 1180 becclo
1180 1119 1291 1194 oppido
1307 1120 1411 1194 miser,

247 1214 288 1279 de
310 1231 374 1294 quo
396 1214 467 1279 loco
497 1213 666 1294 disputans
687 1213 918 1280 Fleckeisenus
947 1231 1049 1280 exerc.
1093 1212 1197 1278 Plaut.
1225 1233 1255 1294 p.
1289 1218 1332 1277 20
1363 1229 1411 1291 sq.

247 1312 342 1378 dicit:
370 1312 548 1392 „frequens
576 1315 628 1377 est
661 1311 747 1391 apud
773 1310 923 1376 Plautum
959 1315 1097 1387 occcidensx
1119 1315 1229 1388 barole,
1258 1310 1413 1376 velutin

246 1410 306 1476 hac
329 1412 400 1490 ipsa
421 1409 531 1474 fabula
552 1407 612 1488 ΙΠ,
637 1414 666 1480 3,
690 1407 740 1472 5.“
764 1408 853 1474 Pers
878 1407 934 1486 IV,
958 1415 987 1489 3,
1012 1415 1051 1474 76
1067 1409 1262 1476 Ritscbelius
1279 1408 1413 1489 scripsit

247 1516 277 1573 ct
305 1511 423 1584 paim
449 1511 580 1572 secutus
610 1507 772 1572 Bothium.
826 1506 909 1572 Rud.
934 1507 989 1586 IV,
1019 1515 1056 1586 4,
1084 1513 1140 1574 33:
1170 1511 1322 1584 Equidem
1354 1527 1410 1584 ego

247 1627 344 1685 neque
359 1615 475 1683 portem
491 1625 590 1684 posco.
625 1605 753 1670 Terent.
769 1603 867 1672 Andr.
884 1604 922 1684 V,
939 1610 969 1685 2,
990 1613 1040 1672 17:
1067 1610 1226 1682 Quidnam
1243 1607 1411 1683 adportas?

246 1705 315 1770 DA.
339 1708 389 1766 Nil
411 1705 550 1778 cumidem.
595 1702 677 1768 Eun.
700 1701 744 1782 H,
768 1707 797 1782 3,
822 1705 871 1768 32.
916 1702 977 1782 ΙΙΙ,
1001 1709 1031 1782 5,
1054 1710 1104 1771 49.
1174 1743 1178 1748 ·
1235 1723 1238 1728 ·

331 1803 381 1866 De
397 1800 547 1866 adverbio
563 1804 636 1875 poca
651 1802 771 1882 optime
787 1802 935 1880 exposuit
951 1801 1088 1868 Hcasius
1104 1803 1145 1868 cd
1160 1802 1280 1882 Reisig.
1299 1802 1405 1869 adnot

247 1905 322 1968 492.
357 1898 470 1964 Ortum
494 1904 603 1964 autem
625 1903 676 1964 est
698 1918 738 1964 ex
759 1899 899 1990 ablativo
915 1902 1110 1981 pronominis
1132 1900 1357 1980 interrogetivi
1379 1904 1410 1964 et

248 2000 380 2077 enuqua
407 1996 576 2076 negatione
603 2015 648 2062 ac.
695 1997 899 2078 Quapropter
920 1999 1058 2078 primum
1087 1998 1120 2063 in
1147 1998 1409 2079 interrogationi-

250 2096 312 2162 bus
326 2094 571 2160 adhortantibus
594 2095 738 2175 ponitur,
761 2099 798 2162 ut
819 2096 905 2162 idem
927 2098 970 2164 sit
981 2098 1067 2177 quod
1089 2100 1203 2172 cadmi.
1239 2095 1278 2164 In
1294 2096 1410 2176 quibus

249 2211 346 2275 quum
369 2192 445 2258 insit
466 2193 514 2256 vis
537 2193 737 2273 imperativi,
760 2195 984 2276 usurpabatur·
1000 2195 1096 2284 etiem
1119 2214 1189 2262 cum
1214 2195 1322 2274 prima
1336 2213 1408 2274 per-

248 2309 328 2358 sona
358 2290 549 2358 coniunctivi
582 2292 762 2372 praesentis
796 2297 829 2358 et
859 2311 931 2358 cum
953 2293 1151 2374 imperativo.
1197 2294 1247 2357 Ex
1274 2293 1336 2356 bac
1370 2292 1410 2357 si-

248 2389 449 2472 gnificatione
472 2391 600 2463 demum
621 2388 714 2464 fluxit
736 2407 775 2454 ea
793 2407 879 2470 quae
901 2391 1059 2457 intensiva
1081 2391 1189 2456 vocari
1216 2395 1341 2470 potest,
1376 2395 1412 2454 ut

248 2490 318 2556 fere
340 2491 425 2554 idem
447 2490 491 2554 sit
512 2489 701 2576 quodcdco,
725 2506 808 2568 quae
831 2487 1022 2570 significatio
1045 2507 1084 2554 er
1107 2494 1271 2556 conuecto
1287 2489 1406 2580 orat-io-

248 2589 298 2652 nis
320 2587 423 2654 forma
446 2586 634 2668 explicanda
656 2591 715 2654 est.
761 2585 834 2652 Non
856 2588 997 2666 pertinet
1016 2592 1126 2650 autern
1148 2586 1211 2652 huc
1227 2587 1408 2652 coniunctio

248 2693 339 2766 polu,
360 2705 442 2767 quae
465 2703 536 2750 cum
559 2684 760 2751 coniunctius
784 2685 1000 2765 coniungitur,
1024 2690 1096 2750 orta
1118 2684 1174 2749 ille
1194 2703 1233 2748 er
1256 2685 1320 2750 abl.
1337 2702 1410 2764 pro·

251 2785 388 2850 nominis
411 2783 537 2852 relativi
562 2784 857 2865 abnegationem,
899 2799 926 2848 a.
949 2785 1030 2861 Quin
1051 2781 1410 2863 ininterrogationibus

249 2883 400 2964 positum.
445 2881 555 2948 Livius
578 2882 780 2948 Andronicus
803 2879 951 2962 Aegisthi
972 2879 1009 2947 ir.
1034 2885 1070 2944 8:
1097 2884 1185 2960 (lodo
1200 2885 1280 2958 qucd
1302 2898 1410 2959 parere

249 2973 325 3044 mibi
346 3001 398 3046 vos
420 2983 561 3046 maiestas
584 2999 652 3046 mea
673 2983 783 3043 Procat
804 2977 849 3060 (b.
873 2998 899 3046 e.
915 2979 1040 3059 puscit),
1063 2983 1202 3046 toleratis
1218 2979 1286 3042 -l
1310 2978 1411 3044 Plaut

250 3079 368 3162 Amph.
380 3079 487 3161 ΙΠ,·2,
506 3085 556 3146 37:
576 3081 657 3156 Quia
672 3079 729 3138 buc
745 3080 869 3142 adducis
882 3097 979 3140 meum
992 3086 1150 3152 cognatum
1161 3080 1345 3140 Naucratem
1356 3074 1410 3138 -l

249 3179 338 3244 Asin.
361 3178 387 3253 Ι,
413 3184 439 3255 l,
466 3181 775 3257 15:0ocatuergo
798 3177 906 3253 rogas?
940 3174 988 3254 ΙΙ,
1014 3183 1045 3253 l,
1068 3178 1102 3242 6:
1125 3178 1207 3257 Quia
1233 3183 1266 3236 tu
1296 3195 1352 3251 aps
1382 3185 1410 3235 te

251 3281 418 3342 socordiam
440 3296 558 3340 omnem
580 3273 671 3338 reicis
694 3276 756 3335 -l
793 3279 828 3346 2,
852 3279 906 3340 25:
929 3276 1011 3352 Quia
1024 3292 1080 3350 ego
1103 3277 1181 3354 hanc
1196 3275 1286 3336 iubeo
1298 3282 1409 3350 tacere,

250 3395 327 3452 qaue
350 3381 474 3454 loquens
498 3379 614 3438 lacerat
636 3374 734 3436 diem?
767 3391 798 3436 v.
822 3378 880 3438 59:
904 3374 984 3451 Quia
1006 3391 1070 3438 rem
1092 3381 1226 3436 actutum
1248 3371 1411 3434 edisseris?

251 3491 280 3536 v.
305 3478 380 3538 113:
404 3475 484 3550 Quia
505 3481 587 3536 tuum
611 3473 752 3538 cilicium,
765 3472 840 3536 iacis
863 3490 934 3548 ergo
958 3490 993 3534 ac
1009 3471 1107 3548 iugis?
1143 3469 1209 3547 111,
1225 3473 1260 3550 3,
1280 3475 1316 3534 7:
1337 3470 1411 3545 occia

250 3581 284 3632 tu
306 3573 355 3632 bic
378 3573 501 3634 manes?
545 3589 574 3636 v.
598 3574 655 3636 69:
677 3571 758 3647 cuca
780 3578 812 3632 tu
834 3572 938 3632 labore
961 3570 1073 3632 liberas
1095 3577 1126 3630 te
1149 3577 1239 3645 atque
1256 3571 1346 3630 istam
1366 3569 1410 3628 in·

250 3665 338 3748 perid
360 3672 392 3730 in
414 3673 482 3732 ms?
525 3687 554 3734 v.
580 3674 633 3733 71:
655 3670 736 3747 Quia
750 3669 846 3732 tradis
863 3669 919 3730 buc
936 3669 1102 3738 cruminam
1118 3685 1201 3732 erum
1221 3662 1410 3744 pressatum?

251 3788 279 3834 v.
312 3773 366 3833 90:
392 3772 475 3846 Quia
502 3770 541 3832 ad
568 3771 646 3831 bunc
668 3799 712 3810 -
734 3766 924 3842 adgredimur·
945 3767 1008 3828 -l
1052 3763 1092 3844 V,
1125 3769 1158 3844 l,
1187 3769 1243 3828 al:
1271 3767 1355 3844 Quin
1379 3772 1410 3826 tu

252 3887 324 3946 ergo
340 3869 467 3929 hilarum
487 3870 541 3930 das
556 3863 648 3930 mibii
685 3867 718 3944 2,
745 3868 796 3928 18:
819 3866 900 3942 Quia
915 3872 947 3926 tn
962 3866 1044 3928 illam
1060 3866 1144 3926 iubes
1155 3867 1289 3926 ancillas
1304 3878 1409 3940 rapere

251 3971 407 4044 sublimem
431 3968 548 4028 domum
570 3965 633 4025 -l
677 3961 749 4028 Aul.
772 3960 810 4042 V,
832 3981 861 4026 v.
883 3965 920 4027 8:
943 3965 1024 4040 Quia
1045 3981 1102 4040 ego
1124 3963 1169 4028 illi
1191 3981 1238 4026 mc
1261 3964 1409 4024 inuenisse

252 4071 319 4130 dico
341 4055 419 4127 banc
441 4067 584 4140 praedem
607 4071 697 4138 atque
721 4062 865 4140 eloquor?
909 4060 1000 4141 eope.
1016 4059 1077 4137 III,
1093 4067 1123 4138 4,
1140 4062 1197 4124 60:
1220 4060 1296 4134 caia
1315 4055 1409 4134 iugis?

251 4183 280 4228 v.
307 4167 379 4229 103:
403 4165 477 4238 caia
499 4163 651 4239 quiescis?
697 4159 766 4224 Cas.
790 4159 841 4239 11,
870 4166 905 4237 4,
936 4165 969 4225 6:
999 4162 1096 4238 Quia,
1124 4160 1149 4220 si
1177 4161 1222 4220 ita
1250 4160 1407 4230 arbitrare,
