3036 4766
223 147 227 154 ¹
286 178 348 238 348
521 142 523 148 ¹
566 170 687 213 car.xv.
721 169 868 210 noornmn
897 171 1148 212 enunciationem.

1083 363 1131 422 bia
1155 370 1245 431 amet,

412 457 556 517 Familiae
581 455 657 516 fame
681 459 846 532 pertitam,
871 475 942 532 ager
965 463 1062 517 aetem
1084 465 1144 519 stet
1167 461 1316 521 sentibus.

284 550 412 614 Terent.
434 551 515 614 Eun.
539 551 605 632 ΙΙΙ,
630 557 666 632 2,
688 557 743 616 22:
769 557 845 629 Quid
868 564 900 616 tu
924 563 984 627 ais,
1009 557 1148 617 Gnatho?
1174 557 1332 631 Numquid
1359 557 1451 614 habes

284 651 360 725 quod
385 648 578 713 contemnas?
600 654 671 726 quid
693 658 725 712 tu
748 658 846 712 uatem
869 653 1006 714 Thraso?
1050 652 1126 717 Hec.
1151 653 1189 733 V,
1219 657 1255 730 3,
1286 655 1345 715 19:
1373 654 1449 724 Quot

283 748 452 808 commodas
475 765 524 808 res
548 745 648 810 attuli!
674 757 745 825 quot
767 755 865 811 aetem
888 752 984 811 ademi
1014 747 1114 811 curas!
1160 748 1219 813 Ad.
1243 748 1300 824 IV,
1333 751 1371 825 2,
1390 753 1448 811 to:

284 845 438 920 Ctesipho·
452 849 551 905 cutem
573 849 602 905 in
627 854 868 909 amoresttotua.
908 845 1011 910 Plaut.
1029 844 1140 925 Amph.
1158 846 1184 924 I,
1202 851 1230 923 3,
1246 852 1310 910 41:
1338 849 1445 922 Pergin

283 941 402 1002 uatem?
426 939 570 1004 Pertinet
592 941 651 1006 hoc
674 943 857 1022 exemplum
875 943 916 1007 ad
944 943 1080 1021 primum
1104 961 1218 1022 genus,
1248 960 1314 1023 quo
1349 951 1446 1004 aretem

281 1035 314 1099 iu
337 1036 587 1117 interrogatione
611 1041 756 1118 ponitur,
780 1041 819 1103 de
843 1059 906 1120 quo
929 1040 1075 1104 Handius
1097 1040 1129 1119 I,
1153 1059 1182 1120 p.
1208 1046 1286 1105 575:
1314 1041 1443 1120 „expri-

282 1134 340 1226 mit
361 1136 545 1222 quaerentis
568 1136 724 1216 impetum
747 1142 780 1201 et
803 1138 1050 1214 vehementiam,
1079 1138 1147 1202 sive
1169 1155 1207 1201 ea
1230 1138 1270 1200 ab
1304 1138 1442 1201 admira·
1496 1169 1497 1186 .

283 1232 369 1296 tione
392 1231 606 1312 proficiscitur
629 1234 695 1298 sive
722 1234 762 1299 ab
786 1234 1002 1315 indignatione
1033 1239 1066 1298 et
1093 1234 1271 1312 iracundia,
1303 1235 1440 1298 maxime

281 1330 315 1393 in
337 1329 617 1410 rep1·ehensione.“
663 1331 815 1396 Similiter
837 1332 952 1396 Pseud.
976 1333 1005 1408 1,
1032 1339 1066 1410 3,
1091 1337 1144 1395 70:
1176 1341 1274 1392 metuo
1307 1335 1439 1392 credere.

281 1427 339 1492 PS.
367 1432 499 1490 Credere
524 1432 642 1490 autem?
665 1434 721 1491 eho
745 1451 781 1491 an
801 1434 940 1506 paenitet
963 1441 1003 1507 te,
1027 1439 1136 1507 quanto
1162 1434 1209 1489 hic
1225 1431 1323 1489 licerit
1340 1431 1441 1491 ussui‘l

280 1526 349 1590 Ter.
374 1525 454 1590 Eun.
478 1525 533 1604 IV,
558 1533 592 1595 7.
617 1531 672 1590 28:
697 1547 751 1603 ego
772 1549 829 1588 uon
847 1539 963 1604 tangam
988 1529 1103 1588 meam?
1138 1525 1202 1588 GH.
1224 1529 1319 1586 Tuam
1333 1533 1438 1594 comm,

281 1626 428 1685 furcifer?
472 1624 549 1688 Her.
573 1623 618 1698 ΙΙ,
644 1630 676 1702 3,
705 1630 758 1687 1οε
784 1628 846 1686 Vae
870 1631 978 1687 misero
995 1629 1051 1703 mi,
1069 1633 1180 1700 quanta
1195 1627 1230 1684 de
1254 1645 1309 1700 spe
1327 1628 1437 1687 decidi!
1497 1651 1498 1654 ¹

281 1721 385 1785 CLIT.
411 1725 468 1796 Qui
491 1723 590 1783 istuc?
613 1741 687 1798 quae
711 1743 760 1784 res
783 1730 813 1783 te
837 1726 981 1784 sollicitat
1004 1722 1125 1784 cuam?
1170 1721 1228 1784 Ad.
1245 1719 1295 1799 ΙΙ,
1325 1729 1359 1798 l,
1386 1728 1437 1786 31:

280 1823 364 1895 Egon
389 1822 590 1881 debacchatus
613 1841 675 1882 sum
699 1826 797 1882 aetem
820 1841 856 1880 an
880 1831 912 1882 tu
937 1825 965 1880 in
990 1821 1055 1882 me?
1100 1818 1185 1884 Alibi
1207 1817 1267 1882 hac
1297 1819 1435 1882 iuterro-

283 1916 421 1996 gatiouis
444 1914 547 1980 forma
569 1916 672 1981 utitur
691 1918 734 1992 is3
759 1917 815 1995 qui
828 1917 914 1981 aliud
930 1918 1119 1997 opponendo
1136 1914 1344 1997 reprehendit
1356 1935 1435 1994 eum,

279 2015 333 2095 qui
356 2019 452 2080 antea
473 2014 624 2094 loquutus
653 2019 718 2090 est,
746 2013 796 2077 vel
825 2031 859 2077 se
888 2015 999 2093 ipsum.
1026 2018 1067 2094 (v.
1097 2013 1258 2078 Handium
1287 2032 1317 2093 p.
1351 2014 1433 2095 576).
1498 2037 1499 2102 a

283 2113 334 2178 sic
357 2113 459 2177 Plaut.
484 2112 554 2176 Aul.
576 2111 613 2191 V,
642 2117 695 2176 ll:
718 2116 816 2200 iamne
839 2117 950 2190 samm,
973 2119 1006 2173 ut
1028 2107 1130 2190 soles‚'
1144 2115 1284 2174 deludis?
1323 2111 1432 2176 Bacch.
1498 2121 1499 2152 l

279 2211 305 2285 I,
332 2217 365 2290 1,
391 2215 444 2274 58:
469 2213 577 2273 Sumne
598 2215 698 2272 samm
720 2213 806 2271 nihili
822 2213 872 2287 qui
888 2229 1031 2287 nequeam
1048 2214 1167 2287 ingenio
1184 2213 1336 2272 moderari
1352 2211 1433 2271 meo?

281 2343 321 2353 -
338 2308 439 2388 Saepe
461 2305 497 2372 fit
511 2309 544 2372 in
560 2307 726 2378 sententiis
743 2326 801 2386 per
816 2313 914 2369 cutem
931 2308 1098 2387 oppositio,
1116 2308 1195 2372 utin
1211 2307 1432 2386 prosequenda

279 2405 553 2471 demonstratione
569 2423 631 2469 non
653 2406 746 2469 modo
762 2405 845 2471 idem
861 2405 1051 2470 vocabulum
1068 2406 1130 2469 alia
1145 2405 1270 2469 ratione
1294 2406 1433 2469 subiecta

278 2504 395 2568 iterum
416 2509 570 2583 ponatur,
595 2504 651 2567 sed
675 2502 839 2580 etiamid,
867 2503 952 2583 quod
974 2504 1015 2567 ab
1037 2503 1140 2566 altera
1169 2506 1260 2582 parte
1294 2503 1432 2583 couside-

278 2601 429 2680 randum,
457 2602 490 2664 in
512 2600 774 2665 antecedentibus
798 2602 859 2665 iam
888 2609 1167 2666 commemoratum
1196 2588 1238 2663 sit
1271 2605 1370 2679 atque
1398 2617 1432 2662 ex

282 2698 382 2777 priori
406 2697 566 2761 sententia
589 2699 747 2776 posterior
770 2699 898 2779 prodire
914 2699 1075 2763 videatur:
1096 2715 1158 2777 quo
1173 2697 1206 2760 in
1222 2714 1308 2760 nexu
1324 2697 1430 2761 eadem

279 2812 331 2858 res
347 2794 397 2858 bis
412 2793 601 2857 nominatur.
620 2829 660 2838 —
678 2794 710 2859 Si
728 2796 854 2875 quando
870 2797 953 2860 idem
972 2796 1103 2860 verbum
1119 2797 1236 2860 iterum
1253 2797 1430 2875 ponendum

278 2895 342 2970 est,
378 2891 585 2974 distinguitur
618 2911 676 2972 per
692 2900 810 2972 'cratem
843 2899 954 2974 utpote
978 2894 1017 2957 ad
1046 2893 1180 2958 alteram
1209 2899 1335 2973 partem
1365 2911 1431 2972 per-

278 2989 396 3070 tinens,
422 2990 467 3054 ita
490 2995 527 3055 ut
549 2992 589 3055 ab
613 2991 724 3055 cadem
748 2994 877 3057 notione
907 3009 989 3056 nova
1018 2990 1150 3071 incipiat
1177 2993 1342 3071 cogitatio.
1385 2989 1430 3052 Ita

278 3105 374 3167 saepe
399 3088 495 3152 etiam
519 3107 572 3153 res
594 3094 691 3152 antea
713 3091 891 3168 nominata,
915 3091 971 3154 sed
987 3089 1118 3170 propius
1134 3089 1197 3152 iam
1214 3093 1363 3167 spectata
1378 3103 1429 3166 per

279 3191 377 3247 actem
392 3185 582 3251 distinctiori
595 3186 802 3252 declarationi
819 3187 1036 3252 committitur.
1061 3186 1124 3259 (Sic
1137 3186 1283 3250 Handius
1300 3204 1330 3265 p.
1350 3184 1427 3262 568).

276 3282 330 3347 Sic
351 3282 455 3347 Plaut·
479 3282 573 3349 Most.
590 3284 650 3363 ΙΙΙ,
675 3291 710 3364 2,
732 3292 792 3351 ’923
816 3289 906 3348 Vehit
929 3289 978 3348 hic
1001 3288 1140 3356 clitellas,
1163 3287 1244 3354 vehit
1266 3287 1316 3345 hic
1337 3289 1428 3344 aaran

277 3384 355 3443 alter
378 3399 477 3445 senex.
522 3381 587 3446 Mil.
613 3381 671 3461 ΙΙΙ,
699 3389 725 3463 1,
749 3389 807 3448 83:
831 3388 959 3447 Liberae
983 3393 1052 3446 sunt
1074 3385 1173 3457 aedes,
1196 3385 1322 3443 liberam
1338 3387 1427 3442 acon

277 3474 372 3557 [esse]
396 3489 512 3554 egomet
536 3499 581 3542 mc
604 3471 687 3555 uolo,
711 3481 750 3544 ad
775 3501 803 3563 q.
827 3481 846 3545 l.
872 3468 943 3546 vide
966 3481 1109 3544 Lindem.
1133 3479 1219 3543 Trin.
1235 3497 1263 3542 v.
1282 3484 1358 3560 385:
1380 3481 1426 3539 Set

276 3578 314 3637 ad
337 3578 424 3637 istam
452 3580 527 3639 adde
559 3583 683 3655 gretiam
712 3579 809 3643 unum.
857 3580 923 3644 PH.
953 3581 1029 3654 Quid
1057 3581 1087 3638 id
1116 3588 1162 3640 est
1192 3583 1293 3642 uatem
1319 3574 1424 3638 auam?

279 3673 328 3736 De
351 3671 559 3740 collocatione
582 3674 679 3740 huius
703 3677 880 3756 particulae
903 3677 1048 3741 Handius
1070 3694 1102 3757 p.
1126 3681 1186 3740 577
1220 3676 1316 3740 docet
1337 3671 1423 3737 cumi·

279 3787 331 3833 cos
354 3788 468 3835 nomeu
497 3774 529 3836 vi
551 3777 769 3853 praestantius
803 3795 870 3840 non·
900 3793 1028 3854 semper
1056 3775 1158 3854 primo
1187 3774 1256 3837 loco
1286 3770 1422 3852 posuisse

274 3883 335 3933 nec
368 3870 558 3948 particulam
593 3871 622 3935 ei
656 3873 755 3938 verbo
783 3874 983 3953 adiunxisse,
1017 3873 1050 3937 in
1084 3889 1147 3951 quo
1178 3867 1235 3936 liat
1263 3864 1420 3951 oppositio.

274 3965 378 4032 Plaut.
403 3967 491 4031 Asin.
516 3965 580 4047 ΙΙΙ,
604 3974 638 4048 3,
665 3975 741 4033 126;
766 3975 859 4047 Quem
876 3980 906 4034 te
931 3973 1016 4033 deum
1034 3975 1134 4033 uatem
1149 3969 1320 4032 nominem?
1351 3964 1419 4030 eist.
1467 4002 1468 4007 κ

273 4064 307 4145 Ι,
332 4071 364 4146 3,
389 4069 447 4130 25:
482 4069 554 4127 Tum
589 4069 652 4128 illic
679 4075 777 4131 aetem
805 4069 954 4131 Lemnius.
1008 4069 1100 4148 Epld.
1129 4065 1195 4144 ΙΙΙ,
1226 4072 1258 4146 3,
1284 4071 1336 4132 39:
1361 4065 1419 4135 Et0

274 4167 338 4225 illic
361 4185 407 4226 me
431 4171 530 4227 aetem
560 4171 603 4227 sic
632 4169 854 4231 adsimulabam.
906 4167 943 4240 V,
973 4173 1005 4244 l,
1035 4173 1090 4230 lo:
1120 4169 1193 4228 haec
1217 4168 1299 4227 illast
1321 4167 1416 4222 autem.
