3048 4770
240 147 304 208 254
541 139 604 180 cnr.
618 139 666 181 xv.
692 137 843 180 nocuerat
858 137 1109 180 auuacmrrouuu.

241 323 431 406 definiatur,
461 328 564 406 magis
587 327 731 393 declarat
753 331 787 392 et
810 325 854 408 ei,
883 327 937 408 qui
970 332 1065 394 antea
1087 329 1182 411 dixit,
1212 325 1406 394 affirmando«
1486 364 1487 404 ,

241 426 408 491 succurrit
440 425 532 502 Quod
556 431 593 490 nt
614 423 803 506 significent,
827 425 979 492 Germani
998 427 1105 492 verbis
1129 426 1210 504 baca
1234 428 1302 492 sive
1319 423 1401 502 aad)

240 520 346 600 maloi
369 522 537 588 utuntur.·‘
582 523 705 600 Quibus
728 525 810 590 addo
833 525 865 589 in
887 525 989 606 priori
1004 543 1132 606 genere,
1155 525 1209 590 ubi
1232 525 1286 606 qui
1303 540 1399 603 quae·

239 621 283 686 rit
305 621 368 686 iarn
392 621 453 686 scit
474 620 533 686 hoc
555 623 640 702 quod
663 624 799 702 quaerit,
823 619 1086 704 significationem
1102 623 1196 688 huius
1220 621 1399 704 particulae
1487 616 1488 660 l

239 737 303 783 uon
325 718 462 783 multum
484 719 642 784 diversam
666 738 738 788 esse
759 741 779 787 a
802 721 968 801 particulis
990 723 1084 796 opiter
1106 731 1140 787 et
1160 741 1245 798 erpo,
1273 720 1332 785 sed
1354 720 1406 784 ita.
1487 721 1488 734 ¹

240 819 361 892 temen,
385 821 430 897 ut,
453 817 508 897 qui
531 835 587 898 per
608 837 709 893 nempe
731 819 868 900 qneerit,
891 820 992 900 magis
1015 821 1113 884 instet
1135 820 1228 900 quasi
1248 818 1344 882 alteri
1367 822 1399 881 et

239 913 342 994 magis
366 920 480 995 urgeat
507 913 541 980 id
570 915 655 997 quod
683 917 818 996 quaerit.
852 915 955 980 Plaut.
979 917 1066 983 Asin.
1090 916 1123 997 I,
1149 924 1181 989 1,
1207 922 1276 982 104.
1300 915 1397 994 11,·a‚

240 1017 291 1077 72.
316 1011 387 1076 Aul.
408 1010 456 1091 ΙΙ,
479 1020 514 1092 4,
540 1019 591 1078 14:
619 1015 733 1090 Nempe
758 1017 826 1077 hnic
857 1017 1008 1076 dimidium
1039 1017 1132 1095 dicis,
1163 1017 1314 1078 dimidium
1347 1018 1399 1076 do-

239 1110 384 1186 mnml¹⁸l
431 1109 556 1186 (Subito
579 1112 729 1193 intelligit
755 1113 786 1175 id
810 1113 902 1191 ¹quod
925 1117 1022 1177 antea
1050 1131 1113 1177 non
1136 1113 1216 1179 satis
1237 1112 1398 1178 intellexit

239 1213 272 1274 et
294 1209 421 1288 quaerit
442 1207 512 1288 hoc,
535 1214 573 1273 ut
593 1209 683 1288 sciat,
705 1228 781 1274 num
803 1215 892 1274 recte
914 1210 1009 1275 etiam
1038 1210 1242 1276 lntellexcrit.
1287 1210 1326 1274 In
1348 1227 1398 1274 re·

239 1324 356 1387 sponso
380 1322 508 1389 quoque
530 1311 595 1372 est:
618 1311 734 1385 Nempe
751 1314 829 1371 sicut
852 1310 949 1384 dicis).
981 1306 1073 1373 Ourc.
1097 1309 1122 1380 1,
1148 1315 1174 1388 1,
1198 1315 1257 1373 44:
1281 1311 1400 1384 Nempe

239 1409 309 1467 hnic
331 1409 433 1468 lenoni
456 1410 507 1483 qai
529 1410 578 1468 hic
601 1407 728 1485 hebeti,
751 1405 781 1469 h.
808 1423 834 1470 c.
858 1409 893 1469 tu
916 1405 1001 1470 haud
1024 1406 1121 1472 dubie
1143 1407 1223 1472 dicis
1245 1406 1395 1470 lenonem

238 1503 322 1568 hunc
345 1508 421 1568 cett.
446 1502 522 1569 cist
547 1503 593 1582 ΙΙ,
622 1511 658 1583 3,
682 1509 738 1569 56:
766 1505 878 1579 Nempe
908 1508 977 1566 istic
1001 1514 1064 1584 est,
1094 1511 1144 1584 qni
1167 1507 1396 1568 Alcesimarcho

237 1603 328 1664 filiam
354 1605 442 1664 Suam
464 1604 623 1680 despondit
645 1607 675 1663 in
706 1605 825 1666 divitias
852 1605 1028 1668 maxumas?
1073 1604 1164 1685 Epid.
1187 1601 1254 1680 ΙΙΙ,
1278 1607 1315 1676 4,
1344 1606 1395 1666 13:

239 1701 351 1775 Nempe
372 1703 403 1760 in
426 1703 631 1764 adulescentia
654 1703 747 1776 Quem
780 1705 857 1778 apud
886 1721 973 1779 reges
1001 1711 1166 1764 memorant
1194 1704 1300 1778 ermis,
1333 1711 1397 1762 arte

239 1800 369 1860 duellica
391 1801 518 1861 Divitias
541 1817 662 1876 magnas
687 1800 907 1876 indeptnml¹')
946 1799 1062 1866 Bacch.
1086 1798 1127 1872 ΙΙ,
1151 1805 1180 1878 2,
1206 1802 1260 1860 11:
1285 1799 1403 1872 Nempe·

239 1905 322 1958 recte
347 1896 450 1959 valet?
480 1895 535 1976 IV,
550 1904 580 1975 4,
597 1902 651 1961 38:
674 1899 785 1973 Nempe
807 1915 876 1974 erpo
899 1902 955 1961 hoe
979 1907 1013 1959 ut
1034 1899 1149 1961 faceret
1164 1899 1242 1974 qnod
1266 1895 1395 1974 loquor?

238 1993 332 2056 Most.
354 1992 399 2073 ΙΙ,
420 1998 449 2071 2,
473 1997 530 2058 60:
553 1995 668 2076 Nempe
689 2013 758 2070 erpo
781 2001 811 2057 in
827 1997 959 2060 somnis?
992 1995 1075 2061 Men.
1088 1995 1125 2071 V,
1143 2001 1172 2074 7,
1195 1999 1257 2057 41:
1283 1995 1403 2068 Nempe·

238 2092 359 2171 lubeat,
382 2091 413 2155 h.
438 2111 464 2155 e.
488 2091 581 2157 iubes
603 2091 723 2172 igitur?
748 2091 866 2158 Servus
881 2093 960 2158 haec
983 2093 1126 2174 loquitur
1148 2090 1395 2171 exspectationis

238 2190 451 2271 plenissimus,
474 2193 582 2255 utrum
605 2191 690 2256 serio
711 2191 809 2257 herus
832 2209 909 2256 suus
931 2209 966 2255 se
989 2191 1125 2256 liberum
1149 2188 1396 2270 proclamaverit

238 2305 279 2354 an
306 2307 387 2369 non,
415 2295 612 2370 quapropter
633 2295 672 2353 ut
699 2287 818 2354 certius
849 2290 945 2353 etiam
967 2289 1028 2354 hoc
1057 2285 1248 2370 proclamet,
1284 2287 1326 2352 ab
1360 2303 1396 2351 eu

239 2387 378 2467 quaerit:
412 2387 505 2452 iubes
531 2389 631 2469 ergo?
660 2389 716 2452 int.
750 2405 801 2452 me
830 2387 1065 2452 liberamine?
1109 2386 1175 2452 Mil.
1205 2385 1256 2457 11,
1280 2391 1315 2460 3,
1341 2389 1395 2450 66;

237 2489 351 2562 Nempe
373 2496 404 2548 tn
428 2491 496 2548 istic
518 2488 563 2548 ais
585 2505 652 2548 esse
676 2489 781 2549 erilem
804 2486 1021 2549 concubinam?
1065 2483 1123 2561 ΙΙΙ,
1147 2489 1176 2563 3,
1201 2488 1255 2550 32:
1280 2486 1405 2564 Nempe

238 2587 387 2646 ludificari
409 2587 533 2646 militem
556 2593 637 2646 tuum
660 2599 743 2645 erum
766 2583 831 2646 vis?
865 2580 943 2658 uidtt
969 2579 1056 2660 teuta
1084 2582 1125 2645 bu
1149 2579 1248 2659 mittit.
1295 2581 1396 2646 Putat
1494 2605 1495 2614 ²

238 2681 265 2745 is
281 2681 334 2760 qui
349 2681 529 2760 interrogat
545 2697 579 2744 se
601 2679 635 2743 id
657 2680 742 2762 quod
765 2679 848 2744 alter
869 2679 939 2746 vult
961 2685 1144 2746 assecutum
1168 2698 1255 2759 esse,
1279 2677 1338 2744 sed
1361 2683 1405 2742 ut.

238 2781 300 2846 hoc
322 2784 410 2844 certo
435 2777 532 2843 etiam
554 2777 653 2857 sciat,
683 2795 784 2842 exeo
815 2778 940 2857 quaerit
966 2778 1044 2842 hoc:
1082 2777 1299 2842 Assccutusne
1324 2795 1400 2841 sum

237 2879 436 2943 voluntatem
457 2871 561 2956 tuem,
592 2877 719 2956 sipoto
745 2883 775 2939 te
797 2873 908 2940 herum
932 2883 1022 2942 tuum
1044 2873 1201 2940 ludificari
1224 2873 1328 2939 velle?
1366 2893 1394 2940 v.

237 2982 292 3042 48:
315 2979 427 3054 Nempe
449 2987 480 3042 tn
505 2980 611 3040 novisti
635 2978 711 3041 cett.
734 2975 775 3036 ta
797 2971 896 3053 lenuit
924 2973 993 3052 bord
1016 2971 1076 3037 -l
1120 2971 1235 3036 Pseud.
1253 2972 1278 3048 Ι,
1297 2976 1327 3050 2,
1345 2977 1394 3036 71:

238 3077 366 3157 [nempe]
390 3079 434 3139 illi
464 3079 594 3138 audeant
618 3073 674 3153 [ls]
705 3077 735 3134 id
757 3073 871 3148 lacere,
908 3077 1012 3151 quibus
1043 3082 1075 3133 ut
1103 3070 1230 3149 [miseri]
1263 3073 1403 3132 serviant

237 3197 306 3240 snus
330 3195 412 3237 amor
435 3174 534 3251 cogit?
580 3177 609 3252 3,
636 3177 708 3236 119:
732 3173 844 3247 Nempe
866 3174 1020 3246 conceptis
1043 3169 1166 3233 verbis?
1204 3165 1261 3246 IV,
1286 3173 1314 3246 7,
1340 3173 1395 3231 73:

235 3293 338 3350 nempe
359 3282 392 3334 tu
415 3275 495 3333 illius
520 3289 620 3332 servos
644 3269 699 3332 es?
744 3268 813 3332 ΗΑ.
844 3273 1040 3332 Planissume.
1070 3265 1101 3329 h.
1125 3283 1152 3329 c.
1179 3269 1311 3330 rectene
1334 3281 1394 3345 ego

237 3389 361 3449 censeo,
385 3375 417 3434 te
439 3366 525 3430 illius
549 3385 677 3434 servum
701 3365 795 3430 esse?
818 3361 875 3430 itu
899 3362 955 3442 itit
978 3361 1048 3444 bari)
1061 3362 1122 3426 —i
1144 3382 1174 3427 v.
1199 3367 1255 3426 92:
1280 3365 1396 3444 Nempe

237 3474 314 3549 quod
349 3469 460 3528 femina
493 3475 546 3538 t=
573 3465 705 3536 femora)
740 3483 853 3526 summe
886 3463 1057 3527 sustinent?
1102 3459 1183 3524 Rud.
1211 3459 1241 3534 Ι,
1270 3468 1305 3539 5,
1341 3465 1394 3526 10:

236 3571 347 3643 Nempe
368 3584 444 3642 equo
473 3567 571 3640 ligneo
599 3582 654 3640 per
685 3566 746 3625 vias
775 3568 910 3624 caerulas
944 3565 1026 3623 Estis
1055 3558 1184 3621 vectae?
1229 3555 1281 3635 ΙΙ,
1307 3563 1336 3637 7,
1362 3563 1401 3620 7:-

235 3669 347 3742 Nempe
368 3662 476 3725 meae?
522 3657 578 3725 sd.
602 3663 715 3736 Nempe
738 3662 839 3722 nescio
862 3664 948 3722 istnc.
994 3677 1021 3721 v.
1047 3663 1082 3722 9:
1111 3659 1223 3730 Nempe
1252 3655 1394 3732 puellae?

309 3913 341 3977 ¹⁸)
361 3912 441 3982 Vulg.
470 3913 548 3975 doma,
577 3911 652 3980 quod
684 3910 805 3966 correxit
836 3907 984 3964 Acidaliae.
1021 3905 1108 3961 Goell.
1137 3905 1223 3974 ducta,
1251 3903 1301 3958 aed
1330 3904 1402 3955 ‹licie-

234 3995 406 4143 habet'ldgic
424 4076 528 4131 emend·
548 4075 673 4130 Bothius.
693 4075 772 4144 Vulg.
792 4072 929 4144 impeditis
949 4069 1083 4126 numeris:
1102 4085 1185 4136 nempe
1197 4084 1268 4152 pacm
1279 4071 1306 4118 m
1324 4065 1399 4117 adol„

234 4157 308 4216 Mea.
328 4181 368 4232 ap.
388 4179 440 4230 rep.
461 4165 525 4214 cett.
