3090 4768
505 187 545 228 DE
559 189 689 230 uosloull
705 189 799 232 venel.
812 209 839 220 -
852 190 989 232 sorlvum.
1277 201 1313 262 ll

160 371 402 454 Nonnunquam
435 375 579 456 sequitur
609 377 669 446 hoc
686 379 833 445 uerbum
865 399 929 446 ecc·
963 397 988 446 c.
1023 378 1087 459 ini,
1122 383 1159 445 ut
1187 380 1315 447 Terent.

162 470 294 548 ,Phornu
317 472 360 553 11,
386 477 415 552 Ι,
437 478 491 542 30:
534 478 638 553 Ipsum
663 480 755 554 cauo
776 480 858 540 Dari
879 481 919 540 mi
946 482 976 540 in
1000 486 1202 556 conspectum,
1232 479 1263 542 h.
1287 497 1315 545 e.

166 569 259 636 valde
282 571 385 652 cupio.
430 571 625 640 Accedamus
647 576 688 640 ed
710 575 843 642 verbum
862 595 954 654 posce,
984 576 1024 640 de
1047 577 1138 642 cuius
1163 577 1317 657 singulari

167 668 253 748 apud
274 667 426 736 Plautum
453 669 683 751 significatione
707 673 895 739 Luebkerus
923 673 962 738 de
991 691 1051 738 usu
1083 674 1137 738 ini.
1160 673 1263 740 Pinut.
1285 694 1318 756 p.

171 772 210 830 16
233 769 338 848 (quae,
362 773 398 832 ut
419 767 505 849 dicit,
528 769 611 834 inter
632 770 797 850 vulgarem
820 775 853 834 et
879 771 1112 837 intransitivum
1136 770 1318 854 [dicendum

168 870 238 932 enat
259 863 517 948 impersonalem]
538 865 696 948 fluctuat)
718 868 796 934 haec
818 869 963 949 exempla
984 867 1092 934 effert:
1116 869 1231 936 Bacch.
1257 870 1318 950 ΙΙΙ,

168 968 200 1041 6,
216 968 268 1028 30:
298 965 393 1026 Video
416 984 475 1028 non
491 971 605 1042 potesse
628 972 697 1045 quin
720 970 782 1028 tibi.
797 971 861 1030 eius
883 987 990 1030 nomen
1013 973 1146 1046 eloquar,
1170 967 1207 1033 cf.
1224 967 1318 1033 Most.

167 1060 211 1141 11,
240 1067 267 1139 l,
293 1066 351 1128 49:
400 1061 498 1124 Poca‘
531 1073 564 1126 ut
595 1069 692 1128 animo
723 1068 764 1128 sis
793 1069 893 1141 quieto
924 1074 954 1127 et
982 1067 1075 1129 iacias
1106 1069 1183 1143 quod
1211 1069 1320 1130 iubeo?

167 1159 259 1224 Pers.
283 1159 309 1236 I,
332 1165 360 1229 3.
383 1165 436 1224 62:
480 1166 521 1224 At
550 1166 608 1224 nisi
634 1172 752 1240 gnatam
782 1171 880 1226 tecum
902 1169 960 1226 huo
983 1167 1041 1226 iam
1065 1173 1216 1242 quantum·
1223 1171 1322 1240 potest

166 1260 310 1334 Adducis,
341 1261 454 1335 exigam
484 1262 586 1324 hercle
616 1279 670 1338 ego
697 1269 727 1322 te
755 1281 792 1324 ex
818 1265 873 1324 hac
902 1266 1031 1326 decurio.
1080 1261 1176 1327 Poen.
1203 1262 1263 1342 111,
1290 1267 1317 1342 Ι,

168 1360 224 1420 64;
249 1364 392 1434 qnantum
410 1364 513 1432 potest,
536 1358 566 1422 h·
588 1378 614 1424 c.
639 1366 790 1438 quantun
815 1357 884 1424 fiori
905 1365 1021 1442 potest,
1052 1351 1093 1430 ὡς
1113 1356 1239 1421 δυνατόν
1260 1357 1321 1441 (sic

166 1449 304 1534 Lambi,
339 1459 372 1520 et
404 1461 572 1522 sexcentos
605 1457 676 1522 illos
710 1457 797 1523 locos
833 1457 887 1522 ubi
920 1457 1041 1538 legitur
1071 1458 1162 1532 poua'
1190 1464 1225 1520 al
1252 1457 1321 1522 sim.

169 1551 293 1630 Quibus
328 1553 479 1634 exemplis
510 1555 591 1620 adde
620 1555 735 1621 Bacch.
762 1555 817 1632 lv,
848 1565 878 1631 4,
909 1562 964 1622 99:
992 1557 1080 1632 polla
1105 1562 1320 1621 monteses.

168 1650 366 1716 Menaechm·
388 1651 448 1731 ΠΙ,
472 1655 502 1731 2,
528 1658 562 1717 l:
588 1657 689 1729 pedale
709 1661 745 1716 at
766 1659 911 1732 quiescas.
956 1653 1048 1718 Most.
1076 1653 1118 1730 ΙΙ,
1144 1658 1170 1732 Ι,
1194 1658 1248 1718 28:
1272 1657 1323 1731 qui

161 1751 295 1838 peccel.
324 1749 401 1813 item
431 1750 545 1816 Pseud.
573 1770 603 1815 v.
634 1759 704 1820 930.
750 1751 832 1816 Men·
864 1751 900 1830 V,
925 1759 954 1828 9,
977 1758 1032 1816 41:
1078 1755 1135 1827 Qui
1156 1755 1188 1813 id
1207 1753 1323 1826 potest?

168 1847 209 1925 V,
234 1853 262 1927 2,
287 1854 343 1914 el:
367 1853 448 1926 Fuge
472 1852 587 1916 domum
611 1861 751 1927 quantum
770 1856 871 1926 potest.
917 1849 987 1914 Aul.
1012 1849 1054 1928 ΙΙ,
1078 1855 1107 1924 9,
1125 1853 1158 1914 2;
1182 1861 1322 1926 quantum

163 1951 272 2026 polest,
302 1965 331 2010 v.
359 1947 470 2012 Danao
498 1953 531 2012 et
561 1947 662 2014 Goell.
706 1947 794 2012 Pers.
821 1947 877 2027 IV,
908 1955 938 2027 4,
963 1953 1012 2012 31.
1058 1947 1209 2013 Similiter
1238 1945 1323 2028 apud

170 2043 301 2110 Terent.
325 2045 421 2108 Andr.
446 2045 487 2122 II.
515 2053 541 2125 Ι,
558 2051 614 2110 2Ι;
637 2050 662 2108 si
685 2049 714 2108 id
737 2067 796 2110 non
816 2052 916 2122 potest.
962 2047 1009 2112 De
1024 2053 1144 2122 suppeto
1166 2045 1205 2110 cf.
1220 2045 1322 2110 Periz.

170 2141 213 2206 ad
237 2141 341 2210 Senot.
365 2162 396 2224 p·
421 2148 492 2222 387,
522 2143 578 2224 qui
600 2141 693 2209 affert
715 2144 795 2208 Rud.
819 2144 860 2223 ΙΙ,
884 2151 914 2221 4,
939 2150 993 2209 36:
1039 2145 1212 2221 confugiam
1236 2147 1321 2206 binc:

171 2246 217 2304 ita
241 2263 289 2305 res
311 2247 439 2318 suppetit
460 2245 558 2305 subito
582 2242 678 2319 [mibi]
703 2246 735 2306 et
756 2242 871 2318 Pseud.
895 2244 919 2321 Ι,
944 2247 972 2320 3,
993 2246 1064 2306 ΙΟΟ;
1110 2244 1150 2304 Ut
1174 2245 1260 2305 bodie
1286 2243 1324 2304 ad

172 2344 341 2403 lito-tionem
364 2344 433 2410 huic
455 2347 592 2417 suppetat
613 2345 705 2404 satias
727 2344 798 2404 Iovi.
844 2338 1059 2404 deserendum,
1079 2338 1141 2404 hue
1163 2343 1213 2404 est
1228 2339 1324 2404 etiam

171 2439 308 2504 verbum
345 2443 498 2514 vapulare,
535 2439 575 2503 de
612 2457 674 2519 quo
709 2438 778 2518 egil
812 2437 916 2502 Sanct.
951 2436 1026 2501 Min.
1060 2455 1090 2518 p.
1124 2441 1185 2502 390
1217 2436 1325 2517 ibique

172 2535 343 2618 Scioppius
371 2545 405 2602 et
431 2535 634 2602 Perizonius
668 2536 771 2602 Plaut-
800 2536 885 2600 Asin.
908 2535 950 2615 ΙΙ,
973 2542 1004 2615 4,
1029 2539 1068 2599 72
1092 2551 1152 2615 sq.:
1199 2537 1325 2610 Vapula.

169 2635 245 2702 ME·
289 2638 324 2698 Id
354 2640 408 2698 tibi
438 2640 559 2712 quidem·
581 2639 683 2698 hercle
710 2638 771 2710 fiet,
802 2637 841 2697 Ul
868 2637 997 2709 cupales·
1048 2631 1161 2698 Bacch·
1192 2652 1220 2697 v.
1248 2637 1325 2698 448:

172 2739 198 2796 si
222 2738 305 2812 ipsus
328 2739 440 2811 primus
464 2737 602 2810 vapulati
644 2734 741 2798 Poen.
764 2731 818 2808 lv,
842 2737 870 2807 2,
895 2737 948 2796 73;
993 2733 1035 2794 llt
1062 2735 1147 2807 enim,
1176 2734 1226 2793 ubi
1254 2733 1325 2792 mihi

170 2835 413 2908 vapulandumst,
436 2842 498 2894 tute
531 2838 643 2898 corium
666 2833 810 2896 subieras.
856 2828 954 2896 Stich.
981 2829 1015 2907 V,
1040 2833 1068 2899 5,
1093 2833 1148 2894 10:
1197 2831 1330 2904 Vapulat

171 2935 332 3009 peculium,
362 2931 447 3010 quod
479 2931 604 3011 dicitur,
636 2947 731 3011 quum
756 2945 902 3010 magnum
925 2927 1040 3007 accipit
1061 2926 1192 2994 alodem.
1236 2925 1325 2990 Pers.

171 3029 214 3106 ΙΙ,
240 3033 268 3106 3,
295 3035 348 3093 17:
377 3033 446 3106 quid
476 3031 568 3094 faciel
595 3030 687 3092 mihi?
731 3029 912 3089 Verberibus
943 3028 1028 3088 caedi
1051 3027 1181 3101 iusserit,
1205 3025 1327 3101 pedicas

170 3130 299 3205 irpingi.
323 3130 474 3204 vapulem:
517 3131 562 3190 Ne
594 3131 649 3190 sibi
672 3137 719 3188 me·
742 3127 847 3188 credat
869 3127 1032 3200 supplicem
1056 3123 1120 3184 iore
1145 3173 1149 3183 .
1176 3143 1228 3186 ree
1252 3125 1325 3183 illi.

170 3231 215 3288 nil
250 3231 308 3290 iam
342 3227 415 3288 mibi
447 3229 514 3288 novi
542 3227 651 3288 Offerri
680 3235 761 3300 pote,
795 3225 864 3299 quin
899 3223 952 3285 sim
983 3225 1107 3299 peritus.
1156 3217 1262 3283 Pleut.
1295 3217 1328 3283 in

170 3323 400 3390 Foeneratrice
424 3321 536 3403 (Gran.
560 3341 591 3403 p.
615 3325 704 3399 480):

384 3427 464 3486 Heus
488 3435 532 3487 tu:
556 3427 586 3486 in
609 3424 754 3486 Barbaria
777 3423 853 3498 quod
877 3421 987 3482 dixisse
1011 3419 1120 3479 dicilur

388 3524 512 3585 Libente
535 3541 606 3584 suae
628 3530 783 3598 petronae,
806 3519 837 3580 id
859 3537 914 3595 ego
937 3520 1003 3579 dico
1026 3518 1095 3578 tibi:

382 3622 506 3682 Liberla
529 3625 625 3685 salve:
674 3620 792 3693 Vapala
814 3619 949 3693 Papyrio.
1002 3671 1005 3679 ,

165 3716 301 3782 Terent·
337 3717 471 3799 Adelph.
507 3717 550 3798 ΙΙ,
584 3723 613 3798 2,
647 3722 680 3782 5:
736 3719 800 3792 Ego
832 3716 1012 3793 vapulando,
1045 3716 1097 3775 ille
1132 3707 1328 3784 verberando,

168 3837 265 3895 usque
290 3819 378 3878 embo
401 3819 513 3880 defessi
535 3837 642 3880 snmus.
689 3817 769 3880 Eun.
793 3814 847 3892 IV,
870 3818 898 3890 6,
923 3818 941 3877 3
965 3829 1026 3892 sq.:

389 3919 490 3993 Usque
528 3918 603 3978 adeo
640 3935 696 3994 ego
733 3918 814 3977 iilius
852 3913 932 3974 ferre
966 3927 1084 3988 possum
1119 3909 1265 3981 ineptiam
1297 3910 1329 3966 et

595 4015 752 4090 magnifica
773 4014 872 4088 verba,

390 4115 489 4174 Verba
514 4111 581 4174 dum
605 4115 678 4174 sint:
707 4129 807 4173 verum
831 4113 909 4172 enim
933 4111 958 4170 si
980 4109 1017 4168 ad
1040 4125 1102 4168 rem
1126 4102 1327 4171 conferentur,

596 4211 758 4286 vapulabit,
