3036 4766
253 171 316 234 342
540 166 602 205 cae.
618 165 662 205 rr.
690 166 837 205 noerrusr
865 167 1116 207 nnunomrrouou.

338 370 368 416 o.
414 351 493 417 Cum
517 356 686 434 negatione
709 355 909 420 coniunctum
932 361 1022 419 ettam
1044 353 1203 437 significat
1233 374 1303 419 rem
1336 373 1415 421 non·
1477 257 1479 398 ἱ

251 450 325 514 dum
347 449 474 514 iactam.
519 451 660 532 Tempus
689 451 793 518 adhuc
820 460 884 533 est,
914 454 948 519 in
979 471 1043 534 quo
1072 471 1135 519 non
1161 453 1248 518 fectu
1281 454 1327 518 sit
1350 471 1413 518 res.
1477 439 1479 586 i

251 546 303 613 Sic
325 551 415 608 etium
436 568 499 610 nou
525 566 585 628 pro
615 552 756 620 mum,
786 558 820 615 et
846 555 923 614 uitii
949 555 1048 613 ettam
1102 552 1146 615 Et
1175 557 1415 631 componuntur

250 645 348 710 verbe
371 649 503 706 nondum
524 650 623 711 cuum.
668 647 771 713 Pleut.
796 648 910 714 Pseud.
933 650 963 729 I,
988 656 1022 728 3,
1045 655 1087 714 45
1110 667 1171 730 sq.:
1194 653 1283 711 Hunc
1305 653 1413 726 pudet,
1478 651 1479 694 1

252 745 330 820 qnod
353 745 409 804 tibi
430 749 583 820 promissit
605 765 720 822 quoque
743 750 774 807 id
797 752 950 824 promissit
977 751 1043 826 die,
1073 751 1150 823 Quin
1177 751 1273 810 mines
1304 749 1414 824 viginti

251 843 307 902 tibi
330 861 386 916 pro
408 845 503 905 amice
524 861 584 903 uon
605 845 694 904 ettam
717 846 808 907 dedit.
840 845 967 910 Terent.
985 847 1081 909 Andr.
1104 845 1130 924 1,
1157 852 1183 923 l,
1199 849 1257 907 88:
1283 847 1414 919 Egomet

251 958 368 1015 quoque
392 943 456 1000 eius
479 961 570 1002 censa
592 946 622 1001 iu
639 942 726 1003 iunus
749 946 875 1018 prodeo,
899 945 955 1005 Nil
974 947 1066 1006 etiam
1089 947 1244 1019 suspicans
1268 947 1353 1004 meli.
1387 945 1413 1016 2,

253 1039 303 1100 30.
329 1035 385 1106 111.
409 1042 437 1114 2,
462 1043 519 1101 23ι
543 1041 612 1099 Nou
635 1044 707 1100 satis
731 1059 776 1101 me
793 1046 926 1116 pernosti
949 1045 1047 1110 etiam
1070 1045 1166 1117 qualis
1190 1043 1253 1102 sim.
1289 1038 1411 1103 Heaut.

251 1132 311 1212 111,
336 1139 365 1214 3,
390 1139 440 1200 35.

337 1249 367 1312 p.
412 1233 461 1296 De
483 1233 735 1314 interrogatione
758 1241 889 1314 praeter
905 1253 952 1310 ea,
975 1252 1144 1313 quaecum
1161 1233 1320 1299 communi
1340 1251 1411 1313 per-

251 1328 371 1393 titulae
394 1347 456 1393 usu
479 1331 679 1410 conveniunt,
703 1331 781 1397 haec
805 1336 881 1397 suut
896 1332 1104 1396 observanda.
1149 1332 1411 1409 interrogatione

251 1443 348 1506 quum
372 1429 588 1505 praesumitur
609 1428 651 1508 id,
675 1430 759 1507 quod
783 1431 833 1496 vel
855 1427 924 1493 fieri
947 1429 1103 1508 iubemus,
1126 1427 1177 1493 vel
1201 1429 1287 1508 quod
1304 1433 1342 1491 ut
1358 1424 1412 1490 fiat

252 1524 286 1587 in
309 1524 393 1588 votis
422 1523 591 1606 habemus,
625 1527 755 1605 ponitur
784 1530 890 1606 etiam,
925 1544 988 1605 quo
1019 1528 1137 1590 certior
1163 1524 1220 1590 fiat
1246 1543 1308 1588 res.
1345 1524 1410 1605 (Sic

251 1621 354 1688 Haud.
379 1641 409 1703 p.
435 1623 519 1702 574).
542 1623 645 1688 Pleut.
670 1625 757 1688 Asin.
780 1623 839 1698 ΠΙ,
864 1630 892 1701 3,
921 1629 995 1687 124:
1025 1628 1130 1686 Etiam
1152 1632 1194 1698 tu,
1217 1642 1288 1696 ere,
1311 1626 1409 1684 istunc

253 1739 371 1783 amores
400 1741 454 1798 aps
482 1733 512 1783 te
541 1733 629 1800 utque
656 1741 702 1784 me
730 1725 794 1798 ipse
825 1724 989 1799 adgredere
1012 1724 1094 1792 —-?‚
1124 1721 1165 1786 ad
1193 1737 1222 1798 q.
1252 1718 1271 1781 l.
1296 1719 1409 1782 Douze

253 1834 311 1896 pro
334 1821 407 1891 putu
427 1818 566 1898 positum
590 1837 661 1883 esse
676 1819 762 1884 dicit.
808 1820 936 1884 Terent.
960 1818 1057 1882 Andr.
1082 1818 1120 1897 V,
1145 1824 1174 1897 2,
1197 1821 1231 1882 8:
1256 1820 1366 1879 Etiam
1380 1826 1408 1875 tu

253 1918 310 1976 hoo
333 1919 506 1994 respondes,
531 1920 600 1992 quid
623 1921 691 1978 istie
715 1920 768 1978 tibi
793 1917 943 1994 negotist?
987 1915 1104 1980 Heaut.
1128 1915 1169 1991 Π,
1194 1919 1223 1989 2,
1246 1917 1281 1981 6:
1305 1916 1409 1976 Etiam

254 2031 352 2087 ceres,
378 2033 414 2076 ue
437 2016 537 2076 videat
558 2015 636 2075 forte
661 2017 709 2076 hio
733 2024 763 2076 te
787 2025 913 2092 epatre
937 2017 1049 2091 aliquid
1072 2013 1196 2076 exieus?

338 2126 367 2189 q.
412 2109 500 2176 Idem
531 2111 721 2190 exprimitur
747 2112 952 2192 imperative,
988 2111 1044 2176 sed
1071 2109 1262 2175 distinctius.
1309 2109 1405 2174 Pient

253 2205 349 2270 Most.
372 2207 415 2288 ΙΙ,
439 2213 467 2289 2,
488 2213 546 2273 42;
570 2213 676 2271 Tutum
700 2214 832 2287 probest.
878 2210 942 2274 uit.
971 2212 1173 2285 Circumspice
1196 2209 1297 2269 etium
1343 2205 1404 2270 ΤΗ.

253 2307 393 2368 Nemost:
417 2311 539 2385 loquere
563 2327 640 2369 nune
664 2311 731 2369 iam.

339 2423 364 2467 r.
409 2404 542 2470 Accedit
568 2405 755 2487 indignatio.
800 2403 882 2468 Nam
906 2405 961 2483 qui
990 2403 1126 2467 miretur
1155 2400 1290 2482 aliquid,
1325 2399 1403 2481 quod

256 2500 394 2565 alienum
418 2507 475 2568 aut
497 2502 641 2584 ineptum
665 2509 721 2568 eut
736 2503 868 2566 nimium
891 2501 1047 2578 videatur,
1070 2497 1141 2563 fieri
1155 2517 1250 2580 posse
1274 2500 1404 2578 ideoque
1477 2525 1478 2528 ¹

256 2599 449 2679 indignetur,
472 2600 501 2665 is
516 2601 694 2682 interrogat
709 2601 819 2664 addite
834 2598 992 2680 particula
1013 2600 1111 2667 etium
1133 2614 1197 2677 qua
1211 2597 1404 2676 inexspecta-

254 2701 307 2761 tae
329 2697 376 2761 rei
402 2698 543 2762 accessio
574 2698 771 2777 exprimitur.
800 2694 912 2776 Amph.
936 2694 969 2774 Ι,
995 2700 1029 2773 1,
1056 2699 1132 2759 120:
1161 2697 1266 2756 Etiam
1289 2698 1402 2768 clamos,

255 2795 422 2858 earuniex?
445 2813 474 2859 v,
498 2799 569 2860 225.
594 2794 687 2859 Most.
711 2794 761 2874 ΙΙ,
786 2799 815 2875 2,
839 2800 889 2860 89.

340 2910 365 2956 s.
411 2891 482 2956 Alia
505 2898 556 2957 est
576 2893 837 2974 interrogationis
859 2891 971 2970 forma,
994 2908 1058 2971 qua
1080 2890 1199 2971 aliquid
1216 2887 1326 2955 stetim
1341 2882 1403 2948 fieri

254 2991 301 3053 ita
323 2987 544 3056 vehementius
559 2991 717 3063 iubemus.
739 2993 776 3055 ut
791 3009 862 3056 eum
878 2989 1096 3071 indignatione
1111 3003 1312 3068 quaeremus,
1334 2997 1399 3046 num

253 3105 306 3152 res
329 3088 468 3154 nondum
490 3087 575 3154 iacta
598 3089 648 3154 sit.
692 3087 797 3153 Plaut.
820 3088 910 3152 Pers.
933 3085 984 3166 ΙΙ,
1007 3093 1038 3165 A,
1059 3093 1097 3152 4:
1128 3089 1301 3161 Scelerate,
1323 3083 1402 3142 esau
1476 3107 1477 3136 1

254 3187 401 3263 respicis?
425 3203 452 3250 v.
478 3193 509 3252 7:
532 3185 638 3249 Etiam
660 3189 735 3250 diois
758 3190 807 3266 mi,
833 3188 984 3248 ulmitribe
1006 3185 1062 3248 tu?
1085 3182 1146 3264 (sie
1162 3181 1282 3263 Bergk.
1299 3175 1400 3242 Philol.

259 3288 348 3362 1861,
371 3285 397 3363 I,
420 3302 450 3364 p.
474 3283 540 3366 40).
572 3284 699 3350 Terent.
722 3283 850 3348 Phorm.
873 3283 931 3362 ΙΙΙ,
956 3289 984 3360 3,
1008 3286 1043 3347 9:
1066 3285 1156 3344 etium
1178 3291 1210 3343 tu
1233 3283 1302 3342 hinc
1325 3273 1401 3338 obis?

255 3381 314 3444 Ad.
339 3381 394 3460 IV,
418 3387 453 3459 2,
479 3387 534 3446 ll:
559 3387 648 3445 etum
670 3383 776 3447 taces?
823 3382 903 3447 Vide
925 3381 958 3444 in
981 3379 1165 3444 uuiversum
1188 3377 1286 3442 etium
1308 3374 1345 3437 de
1359 3369 1400 3434 uis
1475 3457 1476 3460 Ἴ

254 3477 389 3542 diversis
411 3479 699 3561 interrogationum
722 3480 894 3561 generibus
917 3494 1000 3558 quae
1022 3479 1113 3540 edum
1143 3471 1331 3557 particulam
1352 3465 1401 3530 ad-

255 3575 395 3639 iunctam
418 3576 548 3658 habent,
573 3581 592 3656 §
619 3583 668 3658 16,
692 3577 747 3642 ubi
770 3576 864 3657 plura
887 3574 1041 3656 exempla.

343 3677 364 3737 t.
409 3673 458 3740 De
480 3679 569 3738 edom
590 3684 680 3753 atnoe
702 3678 791 3741 etiam
814 3674 886 3738 vide
902 3673 1063 3738 Hendium
1087 3687 1118 3752 p.
1136 3674 1207 3734 576.
1230 3667 1309 3731 Enu.
1324 3661 1400 3744 Iphi·

255 3771 369 3852 geniae
389 3770 429 3836 fr.
456 3780 491 3856 l,
515 3791 542 3837 v.
567 3779 628 3840 245
645 3791 727 3854 sqq.:
755 3778 848 3836 Temo
876 3780 999 3850 superet
1022 3773 1139 3847 cogens
1169 3769 1294 3830 sublime
1322 3764 1399 3824 edom
1474 3763 1475 3768 ’

256 3877 345 3946 atque
368 3873 455 3933 edom
477 3874 582 3936 Noctis
605 3876 674 3937 iter.
718 3872 847 3936 Terent.
871 3869 952 3934 Eun.
969 3868 995 3949 Ι,
1015 3874 1041 3946 1,
1061 3871 1114 3943 11;
1137 3869 1204 3928 dum
1222 3872 1269 3928 est
1286 3872 1397 3938 tempus.

254 3973 344 4031 etiam
367 3974 454 4046 atoue
476 3973 567 4031 ctiam
590 3976 696 4048 cogita.

342 4071 391 4132 38.
437 4069 556 4145 Quoque
596 4067 690 4132 Ennii
723 4064 981 4147 heduphagetiea
1014 4081 1042 4127 v.
1075 4068 1130 4126 ll:
1165 4065 1268 4123 dulces
1301 4069 1399 4133 quoque
1473 4131 1474 4136 ,

255 4168 365 4228 echini.
409 4165 514 4231 Plaut·
538 4163 652 4245 Amph.
684 4165 893 4244 11,2,192:
928 4166 1004 4224 Mihi
1033 4178 1144 4238 quoque
1174 4161 1283 4220 adsunt
1310 4161 1398 4218 testea·
1473 4240 1474 4248 ἵ

1449 4637 1473 4724 i
