3048 4770
572 215 612 257 Dm
629 215 764 257 numnam.
778 235 805 245 -
818 215 967 256 raudatio.
1288 223 1346 285 197

185 404 229 485 ΙΙ,
253 409 287 485 2,
313 411 349 470 5:
381 409 449 482 Epo
481 408 662 483 vapulando,
690 408 742 468 ille
771 409 972 481 verberando,
1000 423 1093 482 usque
1121 408 1207 466 ambo
1237 407 1347 479 defessi

185 523 302 574 mimas,
333 505 373 568 de
402 519 465 585 pao
495 503 565 569 loeo
600 503 678 568 dicit
707 501 934 568 Melanehthon
963 519 1094 583 gramm.
1125 502 1178 567 lat.
1207 520 1236 583 p.
1265 508 1345 566 487:

187 600 370 682 „Prolepsis
400 605 466 681 est,
495 619 591 682 quum
615 601 725 682 generi
756 619 814 666 seu
845 599 903 664 toti
925 599 1021 664 alieni
1049 599 1217 680 pluraliter
1239 599 1344 680 posito

186 705 296 779 partes
319 699 534 766 subiiciuntur
555 699 588 764 in
609 717 741 764 numero
765 699 933 780 singulari,
965 697 1063 762 verbo
1092 715 1154 762 non
1176 697 1343 778 repetito.“

184 794 288 862 Plaut.
312 797 426 879 Amph.
451 795 509 875 III,
535 801 564 877 3,
590 802 646 861 19:
670 801 732 858 lam
756 799 838 859 hisae
862 801 962 876 ambo,
985 801 1125 859 etsoruos
1148 802 1176 858 ot
1197 815 1258 872 ero,
1282 795 1345 860 fru-

186 901 250 958 stra
262 902 334 958 aaut
350 901 416 959 duo.
455 894 548 976 Epid.
562 894 599 967 V,
614 901 641 975 1,
656 899 711 960 20:
736 897 829 971 Quem
843 896 962 970 Apelles
976 911 1012 957 aa
1026 895 1137 959 Zeusis
1153 897 1211 958 duo
1221 896 1346 970 plepem

184 995 349 1070 pigmentis
366 997 471 1057 ulmeis
487 993 545 1066 (sic
560 992 709 1071 Bothius;
733 991 831 1073 vulgo
854 999 942 1068 atquc
964 998 1075 1058 centra
1098 993 1260 1067 metrum).
1284 992 1343 1056 Te·

184 1093 265 1154 rent.
293 1091 375 1156 Eun.
407 1091 469 1171 ΙΙΙ,
502 1097 536 1170 3,
564 1097 598 1156 ll
624 1107 685 1171 sq.:
723 1110 811 1169 quam
839 1091 957 1169 pridem
978 1097 1069 1168 poter
1095 1093 1171 1152 Mihi
1201 1098 1229 1152 at
1249 1097 1345 1154 motor

183 1191 294 1251 mortui
322 1197 423 1254 essent.
470 1188 603 1270 Adelph.
628 1188 658 1269 1,
683 1187 716 1267 2',
741 1193 796 1255 23:
825 1193 905 1252 'haee
932 1192 958 1251 si
984 1207 1076 1265 neque
1107 1207 1160 1265 epo
1189 1207 1281 1264 mona
1312 1194 1345 1252 tu

184 1287 317 1360 fecimus.
361 1288 405 1352 Et
433 1287 478 1351 sie
515 1286 609 1352 etiam
638 1292 712 1367 post
749 1285 1003 1352 coniunctionem
1036 1285 1258 1351 disiunctivem
1290 1293 1344 1349 oat

184 1382 319 1463 pluralis
341 1385 465 1466 positus
490 1391 541 1450 est
563 1384 665 1449 Plaut.
690 1385 782 1450 True.
807 1383 849 1464 ΙΙ,
874 1391 903 1463 4,
926 1391 967 1449 47
986 1402 1068 1465 sqq.:
1098 1393 1193 1447 mater
1217 1387 1342 1448 ancillas

184 1483 267 1544 iubet
285 1515 323 1526 —-
347 1487 407 1559 ira,
432 1487 648 1562 praemandare
673 1492 705 1546 et
726 1502 871 1561 quaerere
894 1485 1026 1546 Merum
1049 1489 1104 1546 out
1119 1485 1269 1562 puellam,
1293 1485 1344 1558 oct

182 1587 390 1656 supponantur
412 1586 493 1648 miii.
524 1581 647 1646 Deinde
671 1583 698 1646 si
714 1599 811 1647 unum
828 1580 929 1646 subst.
946 1599 1017 1646 euni
1040 1581 1142 1646 altero
1158 1599 1217 1662 per
1232 1598 1343 1661 praep.

185 1695 252 1740 eam
274 1680 488 1762 coniungitur,
511 1680 557 1744 sie
581 1678 661 1745 Cato
684 1685 761 1744 orat.
786 1697 844 1760 pro
867 1679 902 1743 L.
928 1678 1025 1743 Turio
1048 1686 1161 1744 contra
1184 1677 1239 1744 On.
1263 1677 1339 1744 Gel-

184 1771 261 1843 lium
284 1794 334 1857 ap.
358 1776 440 1842 Gell.
464 1777 550 1860 XIV,
576 1784 594 1842 2
619 1777 772 1852 (Bolhuis
795 1796 825 1857 p.
846 1782 916 1856 107,
939 1777 1059 1859 Meyer.
1077 1779 1125 1842 ed.
1144 1777 1184 1856 ΙΙ,
1202 1795 1232 1858 p.
1249 1775 1339 1859 141);

182 1875 269 1936 Nune
288 1879 319 1936 'si
342 1880 532 1952 sponsionem
555 1879 691 1952 fecissent
713 1879 914 1940 delitescam
938 1878 1039 1938 Turio.
1071 1874 1199 1940 Terent.
1225 1875 1340 1940 Heaut

181 1969 241 2050 ΙΙΙ,
261 1978 288 2052 l,
306 1977 360 2038 63:
384 1975 481 2052 Syrus
503 1994 569 2038 eom
590 1977 643 2037 illo
667 1982 765 2039 vostro
787 1969 1013 2050 commeruerat,
1037 1975 1195 2047 conferunt
1209 1977 1342 2038 Consilia

183 2071 222 2132 ad
245 2075 457 2137 adulescentis.
1110 2075 1113 2080 ’

268 2169 376 2236 Verba
397 2171 562 2253 Plautina,
590 2191 673 2254 quae
702 2173 854 2254 leguntur
877 2173 958 2238 Rud.
986 2172 1055 2252 ΙΙΙ,
1078 2179 1115 2252 4,
1140 2177 1195 2236 59:
1219 2176 1339 2236 Nullum

179 2269 319 2331 dommus
342 2273 453 2348 ignem:
487 2273 552 2335 ficis
580 2271 749 2335 victitamus
777 2275 868 2334 aridis
893 2269 987 2352 vulgo
1017 2270 1205 2334 tribuuntur
1225 2269 1279 2332 uni
1303 2288 1342 2333 ex

180 2366 322 2446 loradin,
346 2368 403 2432 sed
426 2375 517 2434 reete
542 2371 684 2435 ostendit
708 2369 905 2450 Ladewigius
928 2369 1078 2435 Zeitschr.
1111 2368 1131 2433 f.
1156 2369 1220 2436 dit,
1247 2371 1339 2442 1842,

179 2482 210 2546 p.
237 2469 335 2542 1086,
364 2469 471 2553 potius
504 2466 640 2532 Labraoi
669 2485 739 2532 esse
763 2465 948 2544 tribuenda,
972 2467 1027 2548 qui
1048 2464 1135 2532 iores
1158 2467 1272 2532 domus
1295 2465 1340 2530 vi-

180 2563 270 2628 cinae
292 2562 477 2644 pulsaverat
499 2565 604 2646 ignem
627 2567 789 2647 petiturus
805 2569 838 2630 et
851 2565 914 2629 iarn
938 2563 1054 2644 plurali
1069 2581 1202 2630 numero
1226 2564 1339 2644 utitur,

181 2667 218 2724 ut
239 2657 334 2726 iidem
357 2661 454 2728 faeiat
476 2666 654 2744 possessori
678 2665 799 2742 domm,
824 2682 887 2728 non
902 2675 1009 2741 unum,
1033 2663 1089 2728 sed
1104 2662 1340 2728 multitudinem

166 2757 341 2824 -hominum
373 2779 393 2824 a
420 2780 454 2826 se
485 2762 592 2843 ignem
620 2769 746 2844 petere,
776 2779 838 2843 quo
870 2761 964 2826 eitius
996 2759 1050 2826 ille
1083 2758 1169 2826 iores
1204 2759 1337 2842 aperiat.

60 2891 75 2920 ·.
178 2855 251 2921 Alio
274 2864 383 2923 autem
408 2861 502 2924 modo
527 2861 625 2926 verba
648 2876 730 2940 quae
753 2861 904 2942 leguntur
926 2858 968 2923 ib.
992 2875 1021 2923 v.
1045 2863 1084 2924 3:
1109 2863 1188 2922 istuc
1203 2862 1338 2922 volucro

178 2975 245 3018 mas
277 2955 520 3036 interpretanda
555 2966 644 3034 sant,
680 2975 762 3038 quae
796 2959 976 3022 Daemones
1008 2955 1150 3035 loquitur
1185 2963 1337 3036 tanquam

179 3053 245 3119 dux
267 3054 458 3120 lorariorum
482 3074 623 3135 suorum,
648 3074 682 3122 se
704 3062 801 3136 atque
823 3055 881 3120 hos
904 3054 936 3118 in
959 3071 1053 3117 unam
1070 3054 1230 3120 notionem
1254 3071 1339 3118 aom-

179 3151 390 3232 prehendens.

267 3250 502 3332 Nonnunquam
525 3250 578 3331 fit,
608 3251 645 3316 ut
666 3251 766 3317 verba
788 3251 828 3315 ad
850 3269 946 3315 unum
969 3253 1200 3317 convertantur
1222 3249 1254 3313 in
1277 3249 1340 3313 sin-

178 3348 284 3429 gulari
308 3349 407 3430 verbi,
431 3365 526 3428 quem
548 3349 665 3416 deinde
688 3349 721 3415 in
743 3348 846 3416 altera
869 3347 1100 3415 enunciationis
1115 3352 1209 3430 parte
1226 3363 1340 3428 sequa·

177 3452 231 3512 tur
254 3445 387 3526 pluralis
411 3446 488 3510 item
512 3449 674 3514 secundae
694 3464 862 3530 personae,
886 3447 1034 3527 quoniam
1051 3446 1093 3513 ad
1114 3447 1224 3528 plures
1247 3443 1339 3524 quasi

178 3561 249 3610 oum
272 3544 327 3609 illo
351 3544 554 3623 coniunctos,
584 3547 638 3626 qui
666 3563 738 3612 eum
762 3565 800 3610 eo
828 3545 860 3610 in
888 3563 981 3610 unam
1013 3545 1175 3611 notionem
1198 3556 1341 3625 compre-

176 3640 372 3714 pendantur,
397 3661 502 3710 serum
526 3644 731 3711 convertitur.
778 3645 830 3710 Sia
853 3644 923 3710 Aul.
948 3644 1004 3724 ΙΙΙ,
1030 3650 1060 3725 1,
1083 3648 1124 3709 23
1140 3659 1203 3722 sp:

263 3744 364 3806 auem
387 3746 507 3819 romae,
530 3748 659 3808 eoeleste
683 3745 780 3819 homo,
805 3745 855 3821 qui
876 3749 1000 3820 angulos
1023 3747 1118 3807 omnis

264 3842 399 3903 Mearum
425 3843 540 3903 aedium
564 3853 595 3904 et
618 3846 801 3906 conclavium
824 3831 895 3907 mihi
918 3846 1048 3920 perviam
1072 3843 1194 3916 somna?
1204 3837 1243 3922 ¹⁰)

175 3935 261 4000 Item
284 3936 377 4010 Poen.
407 3937 445 4016 V,
470 3951 505 4019 2²,
529 3943 570 4006 48
586 3956 649 4019 sq.:

254 4162 286 4227 10)
309 4161 396 4232 Vulgo
415 4168 480 4218 ante
505 4166 583 4220 omme
602 4161 734 4219 inseritur
751 4161 806 4233 tic,
825 4163 899 4232 quod
917 4177 972 4217 non
991 4167 1035 4216 est
1052 4159 1080 4214 ia
1098 4164 1144 4230 Ap
1164 4165 1192 4212 et
1211 4158 1342 4212 omissam

179 4253 224 4300 est
243 4246 276 4300 ab
296 4245 452 4300 Hermanno
472 4245 548 4302 elem.
569 4245 595 4300 d.
614 4261 647 4299 m.
668 4263 695 4316 p.
714 4247 774 4302 466.
