3036 4766
256 171 317 232 322
548 163 611 202 OAP.
625 163 669 203 XV.
698 161 845 202 noenum
872 159 1121 202 nnunctnl‘lonull.

255 369 390 432 quorum
412 353 576 417 notionem
599 351 694 415 tollit.
740 351 791 416 Sic
813 349 894 417 Cato
917 351 953 415 R.
978 349 1015 414 R.
1039 369 1065 416 c.
1092 354 1123 413 1:
1152 351 1328 424 relinquere
1359 365 1421 406 ποπ

252 453 388 515 maltum.
428 448 460 514 G.
486 455 521 513 5:
545 450 603 511 Per
625 459 742 526 tempus
766 468 831 511 eom
848 452 987 527 condito,
1006 448 1265 526 cooperandum.
1307 441 1343 508 O.
1363 449 1421 508 35:

253 552 365 612 Fabam
388 553 419 609 in
443 553 518 610 lucie
540 567 600 608 ποπ
622 550 802 610 calamitosis
826 551 928 610 serito.
974 545 1008 611 0.
1038 551 1093 612 36:
1122 533 1304 626 ablaqueeto
1332 547 1420 618 prius

251 667 314 708 ποπ
336 650 403 709 olto.
449 643 482 708 O.
510 649 586 709 156:
610 653 679 722 post
699 663 736 710 ea
759 665 864 723 aquam
888 646 1044 708 defundito
1065 663 1127 706 πππ
1149 658 1270 704 omnem.
1310 639 1420 703 Plane.

253 744 341 809 Asin.
373 741 429 823 lv,
460 749 495 823 1,
527 746 580 808 63:
616 745 699 804 Haec
728 751 798 806 aunt
822 763 882 803 πππ
910 762 1017 818 napae.
1073 741 1238 806 Interdum
1269 757 1332 801 ποπ
1360 755 1421 818 per

253 841 381 920 ἔμφασιν
408 842 581 922 repetitur,
616 847 652 904 ut
677 839 751 905 Ter.
781 839 908 906 Phorm.
937 841 985 921 Η,
1014 845 1046 920 1,
1076 844 1131 904 73:
1168 839 1251 908 Noa,
1278 855 1341 898 ποπ
1377 841 1420 898 sio

254 940 430 1002 futurumst:
452 959 512 1001 ποπ
533 948 643 1016 potest.
690 937 822 1020 Adelph.
847 939 880 1020 1,
904 944 937 1020 2,
962 943 1019 1004 22:
1049 941 1121 1000 Noa
1141 944 1186 999 eet
1206 937 1354 1014 flagitium
1378 969 1420 978 —

254 1040 510 1101 adulescentulum
544 1040 678 1100 Scortari
714 1059 771 1097 -c
805 1057 865 1098 ποπ
898 1043 953 1100 est:
988 1055 1085 1114 neque
1115 1035 1190 1097 ioris
1224 1034 1416 1110 Eciringere.

254 1137 303 1200 De
326 1155 387 1198 ποπ
409 1137 443 1200 in
464 1134 628 1215 responsis
651 1134 843 1214 negantibus
857 1135 963 1215 posito
979 1134 1052 1200 vide
1069 1129 1086 1214 ἓ
1103 1135 1152 1198 23.
1190 1129 1292 1196 Recte
1308 1135 1420 1196 autern

253 1232 401 1298 Handius
423 1251 453 1314 p.
478 1237 539 1298 269
564 1232 686 1311 docuit,
710 1232 766 1297 ubi
788 1232 922 1314 simplex
945 1251 1006 1294 ποπ
1025 1232 1059 1296 in
1080 1229 1245 1311 responsis
1267 1231 1419 1310 ponetur,

252 1347 381 1412 semper
403 1332 552 1409 verbum,
576 1347 639 1409 quo
663 1329 837 1411 pertineat,
862 1349 901 1396 ex
922 1330 976 1408 iis,
1000 1347 1083 1410 quae
1106 1333 1203 1392 antea
1225 1327 1315 1392 dicte
1335 1332 1419 1398 sunt.

254 1429 500 1510 intelligendum
531 1446 612 1492 esse.
669 1426 748 1491 Cum
779 1429 980 1494 coniunctivo
1007 1425 1177 1516 potentiali
1210 1421 1418 1506 coniungitur

253 1551 330 1609 ποπ,
350 1527 400 1594 'sie
422 1527 527 1592 Plane.-
552 1524 642 1606 Oept.
666 1524 734 1603 ΙΙΙ,
749 1532 788 1606 4,
804 1531 858 1592 99:
884 1532 984 1592 Meam
1006 1546 1071 1589 rem
1092 1543 1153 1586 ποπ
1167 1542 1278 1601 mres„
1292 1527 1320 1586 si
1335 1533 1418 1586 recte

255 1631 358 1693 iacies.
411 1625 498 1690 Trin·
525 1623 556 1704 I,
581 1629 614 1703 2,
639 1630 679 1690 95
709 1641 770 1704 squ
790 1629 864 1688 'Nou
893 1645 948 1702 ego
977 1623 1023 1685 illi
1052 1630 1208 1700 argentum
1236 1621 1418 1685 redderem?

255 1725 327 1788 ME.
351 1727 421 1787 Non
441 1725 592 1786 redderes:
615 1725 720 1799 Neque
743 1725 788 1785 de·
803 1727 856 1786 illo
880 1728 1038 1802 quicquam
1058 1739 1154 1800 neque
1181 1739 1298 1783 emeres
1320 1738 1417 1798 neque

255 1827 402 1888 venderes
424 1824 488 1882 Neo
512 1823 562 1896 qui
585 1823 719 1882 deterior
742 1830 823 1885 esset
845 1821 964 1884 iaceres
981 1821 1112 1898 copiam;
1137 1835 1207 1884 curn
1223 1817 1418 1899 prohibitivo

252 1943 306 2002 oe,
328 1919 440 2000 paucis
463 1923 587 1982 tantum
610 1917 689 1983 locis
711 1937 771 1980 ooo
793 1919 970 2001 invenitur,
998 1919 1083 2000 quod
1105 1935 1164 1996 per
1185 1913 1417 1998 negligentiam

255 2017 416 2101 quandam
444 2016 590 2082 dictionis
619 2034 658 2081 ex
685 2017 811 2098 vulgari
843 2017 930 2083 illem
959 2035 1105 2084 sermone
1140 2013 1352 2095 repetendam
1379 2021 1415 2087 (v.

255 2117 412 2197 Handp.
436 2111 513 2194 265)
540 2112 742 2180 factumest.
777 2114 834 2180 el.
865 2115 1048 2194 Quintilian.
1077 2115 1110 2193 Ι,
1134 2119 1163 2193 5,
1192 2117 1241 2176 50.
1288 2111 1342 2178 Sic
1370 2119 1417 2176 est

254 2217 287 2279 in
310 2214 454 2280 oratione
478 2212 510 2276 P.
526 2210 661 2278 ‘Gornel
688 2199 844 2294 Scipionis
868 2213 1010 2280 Africani
1030 2207 1165 2278 maioris
1183 2209 1253 2274 adu.
1268 2209 1316 2274 M.
1335 2209 1415 2274 Nee

254 2313 342 2378 vium
365 2311 438 2377 trib.
454 2311 497 2391 pl.
514 2329 563 2392 ap.
581 2310 663 2375 Gell.
688 2310 742 2390 IV,
769 2317 824 2376 18:
848 2315 918 2376 Nolo
940 2317 1042 2392 igitur.
1059 2315 1152 2375 simos
1174 2312 1320 2372 adversus
1347 2313 1415 2370 deos

252 2417 374 2490 ingrati.
424 2409 552 2474 Terent.
577 2408 674 2474 Andr.
697 2408 757 2490 IV,
780 2418 819 2489 4,
842 2414 899 2476 48:
928 2416 985 2474 Hic
1008 2421 1055 2473 est
1079 2415 1148 2474 ille:
1178 2427 1239 2468 ποπ
1261 2418 1292 2468 te
1315 2409 1416 2470 medus

256 2516 369 2574 Davom
393 2513 507 2571 ludere.
554 2506 682 2572 Phorm.
705 2507 736 2586 Ι,
760 2512 793 2586 2,
817 2513 875 2574 93:
897 2518 1012 2572 tentum
1034 2512 1122 2570 modo
1145 2509 1215 2569 Nea
1238 2506 1341 2581 addit,
1365 2504 1416 2569 ubl

255 2611 340 2670 addit
361 2611 412 2671 est
427 2606 654 2671 coniunctivae.
689 2604 740 2670 Ad
755 2607 995 2672 collocationem
1010 2607 1097 2672 vocis
1109 2627 1169 2669 ποπ
1185 2610 1270 2688 quod
1287 2609 1411 2683 attinet,
1490 2595 1491 2660 Ι

255 2705 387 2785 ponitur
407 2702 474 2767 iere
497 2707 571 2767 ante
594 2702 727 2768 verbum
751 2705 1000 2785 enuntiationis,
1027 2706 1089 2770 nisi
1112 2706 1166 2770 ubi
1187 2725 1252 2770 non
1282 2697 1414 2771 verbum
1490 2705 1491 2756 ἒ

257 2803 361 2882 ipsum
385 2805 437 2866 est
450 2801 647 2882 negandum,
671 2803 728 2866 sed
743 2802 831 2867 aliud
846 2803 1006 2885 quoddam
1021 2804 1222 2878 vocabulum,
1239 2811 1316 2868 ante
1333 2801 1414 2884 quod

255 2907 323 2963 tum
359 2899 491 2979 ponitur
520 2901 657 2980 negatio.
714 2899 766 2966 Sic
801 2899 881 2966 Cato
909 2901 946 2966 R.
970 2901 1006 2966 R.
1031 2920 1056 2966 c.
1083 2908 1117 2968 1:
1152 2907 1326 2981 relinquere
1361 2919 1415 2962 ποπ
1490 2939 1491 2986 ,

255 3001 395 3062 callam.
418 2995 468 3061 Ὀ.
494 3001 550 3064 36:
579 3000 758 3075 ablaqueato
781 3003 865 3075 prius
890 3019 950 3060 ποπ
971 3002 1038 3061 otte.
1085 2999 1164 3067 onte
1188 3019 1241 3082 ap.
1265 2993 1416 3065 Senecam

255 3093 347 3179 epist.
372 3090 426 3174 94,
455 3094 514 3160 sub
543 3095 624 3160 med.
658 3094 759 3171 (Liou.
783 3113 814 3176 p.
838 3101 880 3160 80
903 3098 1001 3178 sqq.):
1031 3101 1123 3162 Emas
1150 3117 1211 3162 ποπ
1237 3101 1318 3174 quod
1345 3105 1415 3174 opos

255 3197 390 3267 cetsed
412 3197 490 3273 quod
514 3212 637 3254 necesse
661 3204 725 3267 eet3
756 3197 834 3270 quod
865 3215 924 3257 non
953 3195 1027 3273 opus
1055 3205 1102 3258 est
1131 3215 1198 3259 asse
1229 3215 1333 3260 carum
1364 3193 1415 3271 est,

255 3286 311 3357 ubi
339 3311 420 3353 emas
443 3295 570 3371 spectet
596 3279 637 3355 ed
667 3298 767 3356 totam
798 3292 1053 3358 enunciationem
1081 3295 1208 3372 iamque
1237 3295 1271 3359 in
1298 3295 1415 3358 disiun-

256 3389 361 3453 ctione
384 3386 549 3468 ponuntur
571 3388 653 3454 duae
678 3406 760 3468 quae
784 3396 963 3470 sequuntur
984 3392 1140 3456 notiones.
1177 3394 1260 3456 Ante
1284 3391 1413 3456 verbum

257 3490 365 3550 autem
388 3485 528 3565 positum
550 3492 600 3552 est
624 3487 726 3550 Plaut.
751 3487 845 3552 Most.
869 3487 900 3560 l,
925 3493 953 3568 2,
978 3493 1033 3552 22:
1064 3509 1186 3568 operam
1208 3486 1269 3551 ποπ
1286 3494 1414 3565 pureum

257 3587 366 3644 suam(
393 3581 490 3648 Poen.
515 3583 543 3660 1,
568 3590 602 3660 2,
627 3591 683 3648 74:
708 3588 777 3647 Noa
799 3590 878 3647 euim
902 3595 1043 3664 quaestus
1060 3593 1210 3666 consistet,
1234 3597 1369 3666 sumpt-ne
1390 3589 1411 3647 ei

254 3686 294 3741 im
318 3690 454 3760 superat,
478 3701 573 3744 soror.
619 3681 704 3745 Trin.
728 3682 769 3754 ΙΙ,
795 3687 828 3761 2,
854 3688 910 3749 83:
941 3688 986 3746 Eu
1009 3705 1069 3747 ooo
1092 3691 1185 3748 multa
1208 3705 1285 3762 quae
1316 3689 1411 3746 nevolt

255 3780 401 3840 eveniant.
459 3778 586 3843 Terent.
622 3779 702 3843 Eun.
729 3780 805 3855 ΙΙΙ,
833 3785 1037 3858 1,61;ποπ
1063 3789 1093 3863 in
1122 3781 1251 3846 mentem
1285 3785 1408 3848 ocrwroi·

256 3872 337 3938 Cum
370 3875 402 3938 vi
435 3866 501 3940 hoe
527 3874 720 3943 factumest
748 3876 793 3942 ita
823 3883 860 3941 ut
887 3879 1056 3946 disiunctio
1084 3879 1140 3946 fiat
1168 3899 1240 3947 cum
1266 3881 1306 3945 iis
1335 3893 1408 3958 quoe

255 3975 499 4036 antecesserunt
522 3974 647 4040 duobus
669 3975 747 4040 locis
770 3975 925 4042 Plautinis
949 3995 1029 4057 quos
1050 3979 1161 4044 attulit
1183 3977 1316 4042 Rostius
1332 3992 1408 4042 corn·

249 4076 401 4134 mentatt.
447 4069 551 4137 Plaut.
575 4090 604 4151 p.
634 4075 708 4148 185,
734 4073 820 4138 Asin¹
844 4073 875 4152 Ι,
900 4079 933 4150 3,
957 4079 1014 4141 43:
1039 4079 1130 4155 Quid,
1155 4079 1181 4138 sl
1202 4068 1263 4137 ποπ
1292 4074 1353 4137 est?
1379 4075 1407 4133 et

258 4167 374 4233 Pseud.
397 4168 429 4245 Ι,
456 4175 492 4244 3,
517 4165 572 4233 52:
598 4173 675 4246 Quid
699 4175 724 4233 si
746 4189 805 4234 ooo
828 4174 941 4237 habai?
967 4174 1072 4238 Docet
1100 4173 1260 4239 Obbarius
1288 4173 1320 4237 in
1343 4187 1406 4270 cen·
1490 4183 1491 4208 Ι
