3036 4766
518 157 665 198 nouimus
686 158 919 200 Punmounanuu.
1225 173 1283 234 321

217 347 266 408 29.
289 344 444 408 Aduerbio
468 349 507 416 (ot
528 345 759 424 coniunctiones)
784 351 931 423 copones.
977 349 1209 430 Antiquissima
1232 372 1288 418 ne·

37 449 39 458 ’
123 441 215 522 -gatio
239 447 290 506 est
311 460 363 521 oe,
388 442 428 508 dc
450 459 516 522 qua
537 442 682 520 Handius
706 444 797 510 Tors.
820 446 875 524 IV,
892 465 923 527 p.
942 451 998 512 29:
1024 451 1284 528 „Antiquissimis

127 538 328 620 temporibus
351 556 449 619 quum
472 540 656 608 subtiliores
679 542 901 614 distinctiones
930 547 1070 613 noudum
1103 554 1211 614 essent
1240 549 1288 613 in·

127 642 259 708 ventae,
291 637 495 718 negationem
522 638 664 704 cuiusvis
694 642 821 720 generis
850 642 958 708 Latini
984 643 1139 710 vocabulo
1166 665 1204 708 oe
1234 665 1287 712 ex·

126 741 333 817 presserunt,
360 741 397 801 nt
418 735 478 802 boc
501 735 584 802 idem
608 743 708 818 esset,
733 740 818 820 quod
839 761 908 807 noo.
947 742 1054 819 Quare
1074 741 1287 810 adhibebatur

126 834 161 900 in
184 832 409 914 componendis
431 834 611 900 nominibus
633 840 734 912 nefas,
757 845 874 912 arma,
897 859 995 912 como,
1023 845 1149 912 nadre,
1176 861 1307 918 nuovo»

125 953 231 1010 qoem,
253 933 383 1011 audium,
406 951 578 1010 nonquam,
602 935 716 1000 deinde
738 935 771 1000 in
793 941 896 1004 nevis
935 938 1059 1004 Deinde
1076 957 1151 1004 vero
1168 941 1288 1006 maiore

127 1032 290 1114 gravitate
312 1029 545 1110 insigniebatur
568 1032 645 1098 haec
668 1035 813 1115 negatio,
844 1041 880 1100 ut
909 1036 1070 1102 diceretur
1099 1032 1136 1100 no
1164 1041 1289 1114 quidem,

125 1133 249 1207 aedom,
271 1128 406 1209 uiaque.
452 1128 490 1194 In
514 1132 799 1210 oompositionibus
822 1135 991 1200 verborum
1020 1135 1286 1217 interponebatur

126 1228 290 1307 olittcra,
314 1230 352 1291 ut
371 1232 460 1295 esset
480 1247 533 1290 uec
554 1229 586 1294 in
609 1235 781 1310 oenomaus,
804 1237 960 1308 peponum.
1004 1234 1109 1300 Plaut·
1137 1231 1232 1300 Most.
1262 1233 1287 1312 I,

127 1333 163 1398 2,
188 1332 241 1394 29;
265 1327 410 1388 Dominus
435 1327 595 1413 indiligens
618 1332 745 1392 reddero
769 1335 844 1394 alias
867 1334 969 1394 nevolt.
1017 1332 1103 1396 Trin.
1121 1330 1159 1409 V,
1176 1337 1212 1412 2,
1230 1335 1286 1398 32:

119 1430 194 1490 rusi
221 1433 254 1489 tu
282 1443 319 1486 oe
344 1427 398 1490 vis.
444 1423 650 1506 [Addo-Aul.
675 1427 769 1502 11,4,
789 1434 806 1491 7
830 1425 986 1509 novellas]
1019 1429 1106 1496 Most
1133 1429 1162 1508 I,
1186 1434 1220 1509 2,
1244 1435 1286 1496 43

127 1523 186 1608 [τ.
207 1541 236 1590 v.
263 1528 339 1590 124:
360 1525 480 1600 sibique
505 1535 556 1586 aot
578 1530 722 1598 materiae
745 1523 953 1608 adportant].“
976 1529 1067 1597 Adde
1089 1547 1126 1592 ne
1141 1532 1286 1608 simonen,

124 1621 214 1702 quod
236 1620 355 1702 legitur
378 1621 472 1686 Ennii
495 1623 667 1690 Aloumseo
689 1623 728 1690 ir.
753 1629 779 1689 5.
803 1625 923 1692 Terent
946 1625 1022 1694 Hoc.
1046 1628 1071 1707 I,
1088 1631 1117 1708 2,
1135 1631 1185 1706 10,
1202 1625 1287 1694 olibi.

125 1719 284 1800 Exempla
305 1737 333 1784 v.
355 1738 392 1782 oo
413 1754 457 1766 -
478 1723 595 1795 pomam
618 1729 694 1789 sunt
714 1723 819 1790 Piout.
844 1723 910 1789 Mil.
935 1723 967 1803 Ι,
988 1731 1019 1804 l,
1043 1731 1098 1790 ai:
1121 1728 1170 1788 Nc
1185 1728 1288 1786 heroic

127 1837 239 1896 operae
268 1821 398 1895 pretinm
424 1821 572 1894 quidemst
600 1825 675 1884 mibi
702 1830 732 1886 te
761 1841 901 1902 narrare,
935 1823 979 1900 ad
1009 1840 1039 1902 q·
1074 1822 1094 1887 l.
1127 1821 1289 1888 Lindem:

126 1916 389 1998 „Particularum
416 1937 453 1981 ae
483 1953 522 1964 -
556 1921 674 1996 quidem
706 1919 819 1986 maiori
853 1920 1021 1986 intervallo
1055 1920 1287 1988 disiunctarum

126 2015 273 2096 exempla
300 2015 432 2082 rariora.
484 2015 529 2082 oi
561 2017 714 2082 Goerenz.
744 2019 786 2084 ad
814 2018 877 2084 Cic.
906 2018 947 2084 de
977 2015 1027 2084 fin.
1053 2018 1107 2098 IV,
1136 2035 1165 2099 p.
1195 2019 1287 2084 516.“

126 2113 256 2180 Terent.
280 2113 362 2179 Eun.
385 2113 411 2188 1,
437 2119 466 2194 2,
493 2119 548 2180 191
571 2134 607 2176 oe
630 2119 687 2178 hoc
710 2119 827 2192 paidom
850 2120 963 2180 tacebit
985 2121 1141 2182 Parmeno.
1187 2115 1242 2197 IV,
1258 2123 1288 2197 4,

130 2216 186 2276 14:
210 2231 248 2276 nc
269 2216 488 2288 comparandus
511 2216 560 2275 hic
583 2217 700 2288 punem
722 2215 759 2278 od
786 2207 910 2280 iilomst.
963 2215 1078 2296 Hecyr.
1107 2213 1171 2291 111,
1195 2220 1230 2294 2,
1255 2221 1289 2280 7:

127 2313 197 2374 Non
220 2311 374 2374 visurine
397 2315 500 2376 mittas
523 2314 640 2388 quidem
663 2316 777 2378 visendi
800 2332 1098 2391 curaequamquam.
1136 2313 1289 2394 uepeuu

127 2413 180 2474 est
201 2425 261 2488 per
283 2429 319 2474 ao
343 2439 381 2452 -
405 2412 521 2486 qudem
543 2428 602 2490 per
623 2410 843 2491 pleonasmum
866 2411 995 2493 negatio
1016 2427 1207 2493 praegresso
1229 2429 1289 2476 oon

128 2506 229 2573 Andr.
252 2505 285 2584 Ι,
310 2511 348 2585 2,
371 2512 429 2574 30:
458 2511 551 2584 Quid,
583 2510 639 2572 hoc
662 2509 852 2575 intellextiui
881 2529 919 2574 an
947 2529 1008 2574 noro
1038 2512 1107 2574 dnm
1135 2512 1226 2575 etiam
1253 2525 1290 2572 no

127 2608 187 2668 hoo
216 2608 354 2682 widoni
381 2605 431 2672 nd
462 2623 516 2684 ee,
546 2623 628 2686 queo
657 2625 695 2670 aa
724 2606 885 2690 recipiunt
910 2607 951 2674 ad
984 2607 1162 2689 negandam
1196 2607 1290 2672 unius

127 2703 265 2770 nominis
288 2704 464 2783 notionem,
487 2705 630 2784 pertinet
651 2705 748 2772 edam
771 2707 1007 2787 comparativus
1029 2707 1128 2768 moine
1149 2704 1182 2770 in
1205 2704 1288 2786 legg.

125 2801 191 2868 XII
214 2801 299 2868 tabb.
324 2801 387 2881 III,
410 2801 448 2867 fr.
476 2808 567 2884 dap.
592 2801 811 2885 (11111111,
842 2823 867 2870 c.
898 2811 929 2870 l:
960 2809 1086 2880 vincito,
1118 2813 1169 2866 aut
1199 2821 1289 2866 nervo

128 2909 182 2968 aut
204 2903 411 2978 compedibus,
437 2905 604 2979 quindecim
627 2905 727 2980 pondo
750 2921 787 2968 ne
808 2908 931 2979 maiore,
955 2913 1007 2966 aut
1029 2907 1055 2965 oi
1078 2906 1160 2966 volet
1175 2905 1290 2964 minore

126 3002 252 3064 vincito.
306 2997 431 3066 Deinde
457 2999 596 3079 pertinet
626 2996 688 3065 huc
715 3001 895 3067 coniunctio
923 3007 959 3062 ot
983 3019 1033 3069 oe,
1060 2997 1101 3064 de
1128 3013 1192 3079 qun
1218 2997 1290 3061 vide

126 3111 197 3182 cap.
221 3096 302 3177 ΙΙΙΙ,
325 3095 343 3180 ἓ
371 3105 408 3166 19
431 3095 453 3164 Ι.
491 3097 571 3163 Tum
594 3096 711 3166 dieitur
733 3102 785 3176 ooo·
806 3119 843 3162 or
857 3097 986 3164 Terent.
1003 3096 1101 3162 Andr.
1118 3095 1164 3175 ΙΙ,
1184 3102 1210 3174 1,
1228 3097 1287 3160 35:

127 3201 196 3275 nio
219 3201 251 3262 id
273 3201 375 3276 agam,
405 3199 479 3258 mihi
506 3198 558 3271 poi
579 3215 616 3257 oc
638 3198 734 3262 detur.
769 3198 925 3279 'Denique
951 3197 1069 3264 dicitur
1098 3197 1216 3258 minam
1244 3211 1291 3270 ne,

127 3296 170 3364 de
193 3312 256 3375 quo
279 3295 351 3362 vide
374 3312 443 3375 cap.
468 3292 548 3373 XII,
571 3291 589 3374 ἕ
616 3299 670 3366 16,
700 3301 732 3362 et
754 3298 824 3358 dum
846 3315 896 3374 ne,
924 3313 951 3357 v.
980 3293 1055 3360 ibid.
1079 3290 1161 3375 §¹26
1185 3296 1218 3356 et
1243 3290 1290 3355 in-

127 3391 180 3460 fra
202 3395 222 3472 ᾗ
245 3398 287 3459 st
310 3411 338 3459 a.

217 3495 267 3558 30.
297 3492 430 3558 Adeon
453 3491 645 3572 particulam
674 3491 758 3570 quod
788 3491 919 3570 attinet,
949 3490 1086 3571 primum
1116 3488 1290 3554 notandum

129 3595 195 3669 est,
219 3591 304 3671 qaod
326 3591 472 3658 Handius
496 3589 605 3656 docuit
628 3589 719 3655 Ture.
744 3588 799 3660 IV,
831 3607 860 3669 p.
891 3593 969 3667 261,
1001 3607 1039 3654 aa
1066 3587 1178 3665 verba,
1209 3601 1291 3666 quae

129 3688 332 3770 negationem
355 3689 387 3754 in
411 3707 446 3754 se
466 3688 599 3767 habent,
631 3687 757 3766 quando
786 3686 892 3752 soluta
920 3685 1080 3767 particula
1108 3681 1291 3762 efferantur,

128 3785 244 3852 maiori
266 3786 296 3850 vi
319 3786 522 3867 negationem
545 3783 741 3866 amplificari.
789 3783 841 3849 Sic
864 3801 960 3865 saepe
983 3783 1068 3864 apud
1083 3782 1233 3847 Plautum
1257 3784 1291 3844 et

130 3883 500 3950 Terentium-invenitur
521 3903 584 3948 uon
606 3887 680 3959 scio,
705 3888 741 3946 nt
763 3883 835 3948 Ter.
860 3881 941 3947 Eun.
965 3881 998 3951 1,
1022 3887 1055 3961 2,
1080 3886 1136 3946 31:
1165 3882 1286 3940 Certum

130 4003 190 4046 aon
218 3986 341 4061 samm,
369 3981 480 4049 itidem
504 4000 563 4044 eoo
585 4001 657 4058 oneo
678 3998 737 4062 pro
766 3996 876 4055 ropac
905 3979 1024 4046 dictum
1057 3983 1107 4044 ast
1134 3975 1210 4040 Hoc.
1234 3972 1290 4052 iv,

130 4089 168 4162 4,
192 4085 240 4144 51.
285 4078 389 4144 Picus.
407 4078 484 4146 Cist.
508 4079 556 4158 ΙΙ,
580 4086 615 4157 3,
643 4084 695 4144 13:
718 4083 838 4144 Utinam
855 4080 959 4140 audire
974 4095 1034 4138 oon
1049 4093 1146 4152 nocue.
1180 4069 1293 4134 Potest

131 4197 192 4242 aar
215 4177 310 4248 atam
335 4193 405 4242 com
430 4176 640 4244 substantivis
663 4181 697 4242 et
716 4175 881 4240 adiectivis
904 4178 939 4238 et
958 4171 1118 4240 adverbiis
1134 4166 1292 4245 coniungi,

184 4279 266 4322 aaron.
280 4279 390 4327 syntaxi..
419 4279 447 4316 11.
1041 4276 1079 4334 21
