3090 4768
231 147 271 207 58
678 141 805 182 VERBUM.
834 143 897 184 ΟΔΡ.
911 143 938 183 X.

227 329 358 390 randum
391 328 507 392 credas.
552 327 670 394 Heaut.
699 330 724 409 I,
756 336 783 410 l,
810 335 867 396 81:
905 329 964 394 Illa
994 338 1079 392 aetas
1112 333 1205 407 magis
1238 330 1278 390 ad
1309 331 1386 390 baec

227 429 338 488 utenda
370 429 513 492 tumeret.
557 427 685 494 Phorm.
716 429 742 510 I,
772 435 801 509 4,
833 435 890 494 47:
928 433 965 493 ad
1004 430 1220 492 defendendam
1254 430 1382 490 noxiam.

227 522 272 603 II,
298 531 325 602 1,
352 529 408 590 10:
432 531 559 588 animum
583 536 616 590 ut
638 547 783 604 nequeam
806 530 847 588 ud
868 529 1055 604 cogitandum
1075 529 1236 588 instituere.
1280 543 1308 588 v.
1325 528 1383 588 36:

226 625 279 686 ille
308 625 348 684 aa
375 626 529 686 beentur
558 644 679 704 causam
708 627 798 690 adest.
843 625 882 705 V,
907 631 935 704 3,
960 630 1013 690 35:
1048 628 1113 686 Non
1138 626 1209 688 satis
1233 629 1312 688 udus
1334 631 1383 686 est

227 724 478 806 adcurrentem
499 725 548 785 hic
572 728 665 786 locus.
711 724 817 788 Etiam
841 742 911 789 cum
934 741 1046 810 praep.
1066 725 1145 792 iuter
1168 720 1382 800 coniungitur,

228 819 285 884 ubi
307 820 384 886 item
408 821 562 902 geruntio
586 820 655 886 sola
669 822 752 886 actio
774 821 969 902 designatur,
992 838 1056 886 uon
1070 824 1205 900 tempus,
1228 816 1383 897 temporis

230 918 314 982 enim
347 916 536 998 significatio
568 917 652 984 inest
683 919 715 982 in
744 919 814 1000 ipsa
844 919 1090 999 praepositione.
1141 916 1234 980 Ennii
1256 913 1295 978 fr.
1318 915 1381 980 inc.

224 1014 296 1080 libr.
320 1020 353 1079 2:
377 1021 457 1079 inter
472 1020 650 1102 ponendum.
679 1017 783 1082 Plaut.
807 1015 953 1098 Cistlv,
976 1022 1005 1096 2,
1030 1021 1087 1082 55:
1112 1020 1191 1078 inter
1213 1035 1276 1078 rem
1292 1032 1383 1091 agen-

226 1115 294 1176 dam
317 1117 414 1179 istam.
1254 1183 1257 1188 f

318 1217 345 1276 5.
367 1215 509 1276 Adlatum
533 1215 679 1294 gerundii
703 1233 761 1294 per
784 1232 818 1278 se
841 1213 968 1295 quidem
991 1212 1070 1278 nihil
1091 1210 1282 1292 prohibebat
1303 1227 1383 1289 quo-

226 1309 331 1374 minus
354 1312 556 1376 accusativus
580 1312 763 1391 adderetur,
787 1330 849 1392 quo
872 1331 949 1378 casu
965 1312 1116 1376 adoliam
1131 1309 1285 1374 actionem
1302 1307 1382 1371 adii-

226 1414 364 1474 ceretur.
417 1408 522 1474 Causa
552 1411 634 1476 enim
663 1416 696 1476 et
722 1411 968 1476 instrumentum
997 1411 1267 1486 adiumentumve,
1299 1423 1382 1486 quae

226 1507 400 1571 relationes
422 1507 561 1588 ablativo
578 1526 653 1572 casu
670 1505 940 1588 significabantur,
963 1526 1026 1572 uon
1043 1514 1168 1572 tantum
1186 1505 1220 1569 in
1234 1522 1269 1568 re
1285 1505 1381 1583 inest,

227 1605 284 1670 sed
306 1605 391 1672 haud
413 1624 490 1670 raro
511 1607 689 1672 actionibus
711 1607 790 1671 alias
812 1607 954 1672 actiones
977 1610 1107 1672 autres
1130 1603 1273 1668 adiuvari
1293 1607 1326 1666 et
1340 1602 1382 1666 iis

204 1691 381 1782 'tanquam
416 1704 518 1770 causis
554 1702 636 1769 effici
671 1706 822 1771 videmus.
858 1705 1044 1780 (Weissenb.
1074 1721 1103 1784 p.
1137 1706 1218 1766 116).
1273 1699 1381 1766 Nihilo

226 1801 331 1866 minus
362 1806 470 1890 tamen
493 1802 555 1866 duo
579 1807 702 1866 tantum
727 1806 911 1885 exemplos
934 1804 1047 1884 priscis
1071 1801 1280 1882 scriptoribus
1302 1797 1383 1864 mihi

225 1904 412 1980 suppetunt,
435 1900 488 1966 ubi
511 1901 571 1964 hoc
592 1899 712 1984 tactum
736 1921 806 1966 esse
829 1903 965 1982 videtur,
989 1903 1087 1980 Naev,
1104 1900 1259 1982 Appellae
1281 1897 1319 1963 tr.
1345 1904 1379 1961 1:

208 2001 272 2076 ,cui
296 2019 362 2074 cepo
384 2002 500 2060 eduodo
523 2005 637 2068 oculos,
655 2007 732 2066 alter
755 2003 890 2080 profluit,
919 2002 975 2064 scd
1003 2019 1043 2064 ne
1069 2000 1129 2064 hoo
1152 1999 1277 2078 quidem
1301 1996 1381 2062 satis

225 2102 348 2160 certum
379 2103 442 2176 est,
477 2115 549 2162 cum
577 2117 642 2174 cepe
667 2104 724 2163 aut
750 2117 814 2164 acc.
843 2101 922 2180 sing.
953 2104 1009 2162 aut
1039 2117 1102 2163 acc.
1131 2098 1214 2178 plur.
1238 2100 1295 2160 aut
1316 2095 1379 2160 abl.

227 2194 306 2275 sing.
338 2213 409 2285 esse
438 2197 553 2277 possit,
581 2201 620 2260 et
648 2197 758 2262 itidem
788 2198 944 2262 incertum
971 2196 1098 2260 Terent·
1120 2197 1202 2263 Eun.
1226 2194 1263 2272 V,
1287 2199 1316 2273 6,
1341 2200 1378 2257 7:

225 2303 255 2354 te
279 2297 412 2357 ridendo.
473 2294 623 2360 Ceterum
650 2294 682 2358 in
708 2295 847 2360 ablativo
875 2296 1008 2361 actionis
1034 2294 1121 2358 notio
1147 2310 1276 2372 semper
1305 2310 1380 2372 per-

225 2390 336 2470 spicua
362 2398 421 2473 est,
451 2394 652 2459 necessitatis
675 2412 836 2474 nunquam
860 2399 1031 2474 comparet.
1077 2392 1231 2458 Omnibus
1251 2389 1317 2456 fere
1339 2391 1380 2458 iis

224 2487 448 2572 relationibus,
478 2492 592 2572 quibus
615 2492 647 2554 iu
670 2492 878 2556 substantivis
900 2492 1075 2557 indicandis
1099 2490 1257 2557 ablativus
1281 2490 1381 2554 desti·

224 2592 321 2651 natus
352 2598 416 2667 est,
448 2589 635 2670 gerundium
664 2609 698 2654 se
727 2591 953 2654 accommodat.
1000 2590 1197 2670 Quamquam
1221 2589 1303 2670 enim
1327 2607 1381 2652 ra-

222 2684 291 2750 rius
314 2685 353 2748 iis
372 2689 488 2766 verbis,
512 2704 593 2766 quae
616 2688 655 2750 de
679 2687 855 2752 remotione
879 2694 911 2750 et
927 2688 1072 2758 discessu
1087 2688 1247 2768 dicuntur,
1272 2705 1306 2752 se
1321 2687 1379 2750 ad-

222 2783 329 2864 iungit
352 2785 409 2858 (sic
432 2784 511 2851 Cato
535 2804 585 2864 ap.
610 2783 690 2850 Gall.
712 2785 783 2861 VII,
807 2792 841 2851 3:
871 2795 1072 2848 transversum
1095 2778 1216 2848 trudere
1240 2791 1337 2850 solent
1359 2806 1380 2847 u

224 2881 308 2947 recte
333 2887 616 2962 consulendumque
640 2887 850 2960 intellegendo),
884 2901 989 2962 neque
1011 2884 1103 2948 multi
1127 2892 1201 2948 suut
1223 2883 1299 2962 loci,
1323 2884 1377 2948 ubi

224 2979 264 3044 de
286 2983 422 3047 materia
452 2986 543 3062 quasi
564 2984 616 3050 vel
638 2985 677 3048 de
699 2999 737 3046 eo
761 3000 799 3046 ex
815 3001 878 3062 quo
893 2983 1012 3062 aliquid
1033 2987 1158 3047 constat
1172 2982 1223 3046 vel
1238 2983 1278 3046 de
1293 3000 1377 3046 com·

222 3081 390 3160 paratione
414 3087 596 3162 usurpatur,
620 3088 735 3162 regnat
757 3083 790 3143 in
813 3099 928 3146 causae
951 3079 1185 3162 significatione
1208 3085 1241 3143 et
1256 3079 1377 3158 saepis-

220 3177 300 3242 sime
328 3179 360 3243 id
390 3181 480 3244 addit
508 3181 755 3260 propterquod
778 3184 836 3244 aut
854 3198 929 3256 ,eam
952 3199 1018 3244 rem
1042 3195 1105 3259 qua
1128 3177 1246 3258 aliquid
1267 3175 1304 3240 fit
1324 3177 1378 3242 vel

224 3272 294 3338 fieri
318 3277 409 3358 solet,
423 3279 592 3346 ,interdum
616 3279 709 3344 etiam
735 3297 773 3341 ea
795 3279 918 3355 insunt,
940 3277 1055 3356 quibus
1077 3277 1118 3342 ad
1141 3276 1297 3357 agendum
1319 3275 1377 3338 im-

222 3373 373 3453 pellimur
406 3376 457 3440 vel
490 3395 528 3441 ex
557 3377 671 3455 quibus
698 3395 764 3439 rem
801 3377 1032 3457 cognoscimus.
1092 3374 1203 3454 Neque
1236 3373 1378 3438 dubitari

219 3477 328 3551 potest
356 3473 395 3536 de
423 3479 568 3555 tempore
592 3474 665 3540 'sive
687 3493 839 3554 praesens
862 3475 940 3540 dicis
964 3475 1030 3539 sive
1053 3474 1220 3551 uariatum,
1249 3479 1282 3552 et
1303 3489 1376 3536 con·

222 3569 341 3637 ditione
364 3572 520 3652 gerundio
545 3579 577 3636 ct
599 3573 772 3653 gerundivo
796 3571 982 3654 significata.
1016 3573 1070 3662 Ea,
1087 3570 1376 3653 praepositionibus

225 3669 411 3749 saepissime
433 3673 467 3732 tu
489 3671 661 3736 ablativum
686 3672 866 3751 comitatur,
891 3689 953 3752 qua
975 3673 1100 3736 adiecta
1122 3670 1154 3734 id
1170 3670 1328 3734 indicatur
1343 3669 1376 3731 in

220 3783 283 3846 quo
307 3768 382 3846 quid
404 3773 541 3849 apparet
563 3774 595 3834 et
618 3771 811 3850 conspicitur
833 3770 884 3834 vel
910 3771 943 3833 in
966 3787 1028 3848 quo
1052 3770 1244 3846 continetur,
1266 3771 1376 3846 itaque

221 3869 257 3927 et
280 3866 417 3930 conditio
449 3873 481 3930 et
503 3873 630 3949 tempus
657 3869 791 3933 actionis
813 3869 979 3936 indicatur.
1025 3867 1198 3931 Praeterea
1220 3883 1376 3945 usurpan-

223 3965 278 4030 tur
301 3969 348 4046 εἰ),
373 3984 418 4046 ee,
441 3971 486 4045 de,
509 3984 582 4030 raro
600 3985 666 4042 pro.
692 3967 879 4042 (Weissenb
902 3985 931 4046 p.
952 3971 1139 4040 lab-132).
1170 3967 1218 4032 De
1241 3963 1377 4030 materia

219 4084 327 4146 praep.
350 4084 386 4126 ea
408 4053 591 4145 usurpatur.
620 4065 670 4129 Sic
694 4065 773 4133 Cato
795 4085 845 4146 ap.
869 4067 995 4132 Iordau.
1017 4085 1048 4147 p.
1074 4072 1125 4146 78,
1147 4071 1176 4132 6.
1201 4073 1233 4131 7:
1249 4069 1302 4132 ¹Er
1326 4067 1377 4128 do·

219 4169 301 4239 lore,
324 4185 360 4228 ex
383 4167 478 4242 febri,
502 4184 539 4227 ex
563 4167 627 4241 siti,
651 4182 686 4223 er
707 4164 924 4229 matamorus
946 4168 1092 4241 bibendis,
1116 4185 1153 4228 ex
1175 4169 1376 4244 cataplasmis,
