3076 4762
218 141 276 201 132
647 123 773 164 VERBUM.
802 125 864 164 CAP.
880 123 928 164 xli.

302 328 350 388 10.
396 324 443 398 De
465 322 555 396 prius
582 338 671 394 quam
696 335 767 382 cum
790 313 961 379 indicativo
983 313 1091 378 iuncto
1114 314 1192 379 vide.
1209 315 1370 380 Weissen-

213 419 304 486 born.
342 424 422 501 synt.
458 434 489 497 p.
526 421 596 481 342.
646 415 743 480 Haas.
776 414 818 476 ad
845 411 964 491 Reisig.
999 410 1105 476 adnot.
1139 417 1210 479 465.
1264 412 1370 481 Hand.

169 523 171 528 ‘
212 516 347 584 Turseli.
376 515 435 594 IV,
458 534 499 594 ps
514 518 584 580 569.
635 511 714 578 Cato
741 511 778 576 R.
802 510 837 585 R.
862 527 887 574 c.
913 513 967 572 72:
998 512 1093 572 Boves
1117 529 1153 571 ne
1184 513 1276 587 pedes
1300 515 1368 576 sub·

211 624 327 694 terant,
356 617 533 690 priusquam
567 616 596 673 in
632 614 705 672 siam
734 627 879 686 quoquam
908 625 989 685 apes,
1024 612 1090 683 pice
1119 610 1231 685 liquida
1257 628 1369 672 cornua

101 703 104 708 ¹
184 715 315 800 'infima
338 715 466 786 unguite.
511 707 614 770 Plaut.
641 705 751 785 Amph.
775 724 802 769 v.
832 709 898 767 102.
944 705 1032 769 Asin.
1057 703 1085 781 I,
1110 709 1139 784 3,
1167 710 1220 770 79:
1250 711 1290 768 At
1313 726 1368 783 ego

214 822 262 874 est
290 814 378 872 etiam
404 813 494 883 prius
520 823 608 879 quam
634 806 713 882 abis,
750 804 827 878 quod
856 806 923 864 nolo
950 806 1038 878 loqui.
1085 800 1127 880 ΙΙ,
1151 809 1180 881 4,
1204 807 1259 866 42:
1290 823 1368 866 nunc
1402 796 1409 808 “

214 911 318 971 adeam
348 911 528 982 optumumst
549 905 639 977 prius
665 921 755 976 quam
781 903 887 975 iucipit
913 902 1032 962 tinnire.
1081 899 1152 965 Aul.
1177 899 1223 979 ΙΙ,
1247 905 1280 979 2,
1313 905 1366 964 31;

214 1008 309 1066 Nimis
332 1006 408 1064 male
432 1003 525 1073 timui,
544 1003 722 1074 priusquam
745 1003 825 1060 intro
847 999 937 1066 redii,
966 1002 1153 1060 exanimatus
1176 1000 1227 1060 fui.
1274 996 1365 1076 Capt.

211 1101 268 1181 IV,
292 1108 320 1179 2,
346 1104 399 1182 52:
430 1101 555 1174 Aperite
582 1101 671 1160 hasce
702 1099 803 1158 ambas
832 1096 904 1156 toris
930 1096 1019 1157 Prius
1048 1092 1148 1170 quam⁰
1158 1098 1302 1172 pultando
1328 1127 1365 1138 -

212 1202 337 1261 exitium
360 1197 471 1270 adsero.
512 1194 603 1275 lapid.
628 1192 670 1272 II,
693 1198 724 1270 2,
747 1197 805 1259 86:
828 1197 914 1255 Nunc
938 1197 1085 1256 occasiost
1108 1193 1248 1271 faciundi,
1264 1195 1368 1268 priris·

211 1315 299 1372 quam
327 1298 358 1356 in
387 1297 489 1356 arbem
516 1294 677 1354 advenerit.
722 1291 759 1368 V,
786 1295 818 1373 1,
843 1296 878 1355 9:
908 1295 983 1366 Quin
1014 1301 1046 1364 tn
1076 1295 1148 1352 mihi
1176 1294 1302 1352 adornas
1330 1289 1367 1350 ad

212 1396 309 1472 fugam
334 1396 483 1470 viaticum,
506 1392 688 1464 Priusquam
704 1391 814 1463 perca?
844 1387 1038 1458 Indicativus
1061 1389 1187 1469 positus
1208 1392 1266 1464 est,
1289 1403 1367 1467 quo-

212 1491 296 1556 niam
321 1483 452 1569 Epidico
475 1489 537 1552 iarn
562 1487 758 1565 exploratum
789 1493 838 1550 est
866 1503 900 1549 se
923 1485 1068 1565 periisse.
1114 1486 1228 1552 Bacch.
1252 1485 1312 1565 111,
1338 1489 1366 1562 1,

215 1594 268 1653 15:
296 1591 382 1649 Nono
405 1589 495 1662 prius
524 1603 614 1659 quam
645 1587 753 1644 malum
786 1587 862 1646 istoc
890 1585 976 1646 addis
1001 1594 1149 1646 certumst
1181 1590 1238 1646 iam
1270 1587 1366 1646 dicam

212 1690 300 1763 patri.
332 1683 388 1763 IV,
411 1687 440 1761 8,
465 1689 522 1746 8οτ
547 1661 619 1761 quis
642 1702 700 1743 non
725 1683 800 1742 dabo
816 1684 940 1742 Temere
957 1685 1046 1742 etiam
1066 1685 1257 1758 priusquam
1273 1683 1365 1742 filium

210 1799 377 1846 couuuucro.
427 1779 493 1844 Mil.
518 1781 572 1859 IV,
595 1784 625 1858 8,
651 1783 703 1842 19:
727 1782 874 1858 Opsecro,
903 1783 975 1841 licet
998 1784 1147 1856 conplecti
1165 1773 1366 1855 priusquam

207 1880 384 1957 proficisse?
414 1876 451 1957 V,
481 1881 532 1941 15:
557 1881 690 1953 Opsecro
713 1879 814 1939 hercle
838 1885 878 1955 te,
900 1897 967 1940 inea
990 1880 1080 1938 verba
1103 1887 1135 1939 ut
1156 1881 1259 1940 audias
1275 1879 1365 1951 prius

209 1997 298 2053 quam
326 1982 412 2040 secat.
458 1974 556 2040 Mero.
587 1973 636 2054 ΙΙ,
670 1979 703 2052 3,
739 1979 811 2040 119;
841 1975 932 2038 Prius
966 1979 1139 2053 respondesv
1160 1993 1250 2048 quam
1282 1992 1363 2049 repo.

208 2082 238 2152 4,
263 2079 316 2139 28:
340 2077 406 2135 Non
429 2075 537 2148 edepol
560 2090 679 2148 possum
697 2075 787 2148 prius
802 2091 892 2148 quam
907 2084 938 2136 tu
962 2076 999 2134 ad
1017 2074 1209 2134 meredieris.
1247 2069 1364 2136 Pseud.

210 2172 239 2251 Ι,
261 2176 295 2251 1,
318 2175 375 2236 51:
412 2173 450 2232 si
474 2172 565 2246 prius
597 2189 690 2244 quam
730 2172 799 2231 hinc
833 2174 909 2232 auu
942 2173 1107 2248 quindecim
1142 2174 1227 2232 miles
1270 2173 1364 2232 minas

208 2273 349 2332 Dederat.
404 2272 538 2347 5,,11οε
580 2270 670 2330 Prius
705 2285 807 2342 quam.
831 2271 916 2330 istam
956 2288 1082 2346 pugnarn
1117 2271 1270 2344 pupuabo,
1310 2285 1364 2342 ego

207 2369 298 2430 edam
333 2370 417 2444 prius
454 2369 539 2428 Dabo
578 2371 665 2428 aliam
699 2385 825 2443 pugnam
862 2371 972 2430 claram
1012 2378 1043 2428 et
1076 2368 1362 2427 conmemorsbilem.

209 2463 275 2544 111,
306 2471 339 2544 2,
376 2468 430 2528 95:
477 2464 595 2538 Quaeso
630 2467 748 2539 hercle,
783 2467 873 2540 prius
913 2484 1000 2540 quam
1041 2468 1197 2541 quiequam
1233 2465 1363 2524 convivis

207 2564 301 2632 dabis,
324 2565 450 2622 Gustato
474 2568 537 2622 tute
561 2565 652 2638 prius.
693 2560 793 2625 Paeo.
817 2562 842 2641 I,
868 2567 895 2638 3,
921 2569 954 2624 7:
970 2565 1149 2637 priusquam
1170 2563 1298 2623 evocasti
1318 2577 1363 2622 me

209 2662 316 2721 dudum
340 2659 430 2719 foras.
462 2654 521 2732 111,
546 2663 575 2735 5,
598 2663 640 2723 44
656 2675 721 2736 sq.:
745 2662 802 2721 Sed
827 2663 895 2736 qaid
920 2679 974 2736 ego
990 2662 1092 2720 dubito
1117 2661 1217 2734 fugere
1242 2662 1311 2735 hinc
1333 2661 1363 2718 in

207 2761 313 2818 malam
345 2773 481 2830 crucem,
512 2757 691 2830 Priusquam
719 2759 839 2820 obtorto
862 2761 940 2820 collo
970 2760 1006 2818 ad
1034 2768 1203 2833 praetorem
1235 2757 1363 2818 unirer?

211 2849 306 2932 paup
330 2856 403 2929 opt.)
426 2850 482 2930 IV,
507 2856 536 2932 2,
560 2857 615 2917 97:
638 2856 750 2924 Satine,
767 2859 945 2930 priusquam
967 2860 1083 2916 unumst
1104 2857 1244 2916 iniectum
1261 2858 1361 2927 telum,

206 2953 265 3011 iam
292 2954 385 3012 instat
408 2951 558 3013 alterurn?
586 2948 623 3028 V,
640 2956 669 3020 4,
685 2956 740 3014 41ε
764 2952 946 3026 Priusquam
969 2955 1065 3030 aditis,
1089 2971 1140 3012 vos
1163 2957 1230 3013 volo
1253 2954 1369 3013 ambas..

181 3016 252 3157 ff
259 3052 298 3112 96
311 3011 525 3127 εᾳ.;Ιρυαθεο
574 3051 623 3124 qui
647 3050 729 3110 lubet
752 3057 810 3110 tam
834 3050 884 3110 diu
907 3059 1010 3111 tenere
1034 3053 1160 3124 collum,
1183 3051 1363 3122 Priusquam

206 3156 236 3207 te
259 3148 331 3206 mihi
354 3147 553 3218 desponderit.
592 3143 701 3208 *soen
726 3163 768 3211 so.
798 3145 909 3210 ultima
930 3165 959 3211 v.
986 3152 1038 3211 18:
1069 3151 1189 3210 Utinam
1220 3149 1292 3208 mihi
1315 3167 1361 3207 ar·

206 3251 325 3318 gentum
353 3245 480 3316 reddas,
503 3259 683 3317 priusquam
709 3246 778 3304 hinc
808 3247 838 3305 in
868 3264 986 3306 nervom
1021 3249 1171 3308 abducere.
1197 3243 1304 3324 *Pers
1337 3241 1361 3314 I,

207 3346 237 3419 3,
263 3343 320 3402 61:
343 3341 509 3415 Numquam
532 3341 643 3414 hercle,
669 3359 704 3400 ne
728 3343 770 3402 sis
791 3341 916 3417 frustra,
942 3350 971 3403 tu
995 3345 1081 3405 hodie
1106 3347 1153 3405 hic
1171 3345 1260 3418 prius
1282 3343 1362 3419 edes,

207 3439 303 3514 Quam
326 3445 355 3495 te
379 3438 434 3495 hoc
458 3435 606 3496 iacturum
629 3439 707 3513 quod
731 3457 811 3515 rogo,
836 3441 980 3513 adfirmas
1001 3444 1081 3503 mihi.
1108 3440 1201 3505 Truc.
1230 3439 1254 3519 Ι,
1272 3446 1296 3518 l,
1311 3444 1359 3504 31:

206 3534 388 3606 Priusquam
417 3552 503 3594 onum
537 3536 666 3609 dederis,
697 3545 829 3616 centum,
860 3555 934 3613 quae
958 3548 1078 3616 posoot,
1109 3547 1205 3613 parati
1252 3541 1280 3612 2,
1307 3541 1361 3602 19:

208 3633 300 3703 Heus,
323 3632 493 3706 manedum,
517 3635 711 3708 Astaphium,
728 3627 907 3708 priusquam
929 3635 1001 3697 abis.
1047 3635 1174 3698 Terent.
1199 3633 1296 3698 Andr.
1320 3632 1361 3713 ΙΙ,

208 3732 235 3805 l,
263 3732 316 3790 ll:
341 3731 446 3790 Omnia
476 3732 609 3814 experiri
630 3737 774 3791 certumst
790 3733 880 3804 prius
901 3750 990 3806 quam
1010 3751 1109 3808 pereo.
1154 3731 1221 3809 ΙΙΙ,
1247 3738 1281 3809 3,
1305 3735 1360 3795 26;

205 3827 407 3900 Priusquam
430 3828 533 3887 herum
558 3831 675 3888 scelera
688 3834 729 3906 et
750 3831 900 3889 lacrumae
924 3831 1069 3892 confictae
1093 3833 1168 3890 dolis
1184 3831 1363 3892 Redducuut

204 3926 332 3984 animum
356 3931 509 3999 aegrotum
532 3925 569 3984 ad
592 3926 843 3998 misericordiam,
868 3929 997 3988 Uxorem
1021 3929 1131 3988 demus.
1179 3927 1295 3992 Heaut.
1318 3926 1361 4005 ΙΙ,

205 4023 233 4098 2,
257 4025 292 4083 8;
324 4023 429 4096 Pergin
458 4022 534 4080 istuc
560 4022 650 4094 prius
678 4023 857 4096 diiudicare,
886 4042 975 4096 quam
1003 4025 1061 4085 scis
1090 4027 1159 4100 quid
1190 4028 1253 4085 veri
1281 4025 1360 4087 siet?

207 4115 331 4180 Phorm.
355 4117 410 4196 IV,
435 4123 463 4194 5,
489 4120 744 4205 7:,Transito-ad
768 4137 887 4180 uxorem
912 4139 1019 4192 meam,
1049 4130 1080 4181 at
1103 4125 1261 4183 conveniat
1285 4127 1359 4184 hanc
