3090 4768
224 179 268 246 ἢ
668 167 795 210 munuli.
823 168 890 210 ΟΑΡ.
904 169 931 210 X.

225 362 360 444 gretinst.
406 361 514 442 3,12:
547 361 626 440 Nem
650 367 703 441 too
731 360 847 436 quidem
878 361 980 420 hercle
1010 367 1093 422 certo
1117 363 1177 422 vite
1200 363 1273 430 hece
1297 378 1387 436 enne·

227 461 315 522 tende
343 459 567 541 optandaqupst.
616 465 646 536 4,
676 461 727 540 29.
773 454 815 538 ΙΙ,
839 461 869 535 2,
892 462 927 520 4:
964 459 1019 520 tibi
1049 465 1164 520 omnest
1191 459 1380 520 enedendnm.

228 561 260 636 3,
282 561 322 621 82
346 573 411 636 sq.:
440 558 515 632 Quin
540 556 623 636 quod¹
639 562 682 620 est
703 557 876 630 Fernndnm
899 555 981 634 fers?
1017 554 1054 634 V,
1072 560 1100 628 7,
1117 562 1150 619 7:
1172 559 1258 618 Nunc
1279 565 1395 632 gestos·

225 659 299 720 mihi
327 659 483 730 uoltusque
504 653 556 714 'est
583 655 749 734 vendendus
775 673 876 740 noros.
921 657 951 732 8,
981 657 1018 718 4:
1058 674 1136 726 nunc
1166 655 1391 730 conuenientes-

226 756 400 819 Phormiost.
445 750 504 830 td.
528 748 584 830 lv,
602 757 637 831 -7,
663 756 716 816 11·:
750 755 791 814 nt
812 752 947 818 ducendo
970 753 1145 830 indotntnst,
1169 750 1223 826 ubi
1245 751 1379 826 Donet:

232 851 295 929 „Et
324 849 383 914 hoc
405 849 764 930 verbumnecessitutis
784 850 847 930 vim
870 847 1000 930 hebet,“
1024 848 1070 914 Et
1089 848 1122 912 in
1145 847 1386 926 mostructione

226 967 291 1016 acc.
316 967 341 1014 e.
363 945 416 1013 inf.
441 947 544 1028 Plput
568 947 656 1028 Asin·
678 947 721 1026 H,
745 953 774 1028 2,
800 952 853 1026 712:
888 949 950 1017 lem
976 948 1176 1026 denotandum
1204 966 1323 1024 censes,
1355 950 1387 1008 si

226 1047 439 1124 conspexeris?
482 1045 578 1121 Peon.
602 1045 641 1124 V,
665 1050 693 1128 2,
717 1049 771 1110 58:
794 1047 1080 1128 substernentes
1103 1047 1158 1109 sibi
1179 1048 1230 1106 eit.
1277 1043 1383 1114 Stich..

225 1145 253 1220 Ι,
276 1149 305 1224 2,
329 1147 383 1208 22:
414 1145 590 1221 smnnndnm
612 1163 733 1223 opernm,
754 1163 871 1226 censeo.
915 1142 1040 1209 Terent
1066 1142 1163 1206 Andr.
1186 1141 1243 1219 lV,
1267 1147 1295 1218 2,
1322 1146 1385 1206 12:

227 1247 308 1322 Non,
332 1246 358 1306 si
380 1238 635 1323 capiendos'roihi
651 1244 749 1322 'stiam
772 1259 832 1305 esse
853 1244 988 1317 inimicos
1008 1245 1107 1304 'ononis
1129 1243 1272 1305 homines.
1318 1242 1386 1316 nc·

225 1340 389 1408 cusativus
412 1339 648 1404 exclamationis
671 1342 779 1404 autem
801 1338 924 1417 positus
948 1343 997 1402 est
1020 1338 1062 1416 ib.
1086 1349 1115 1416 1,
1142 1341 1196 1402 28:
1221 1341 1244 1400 0
1263 1340 1380 1402 focinus

225 1441 527 1518 animadvertendum.
736 1442 740 1451 “

310 1539 521 1600 Nnnn'nnttnns
549 1536 688 1616 ennodii
718 1534 796 1601 nibil
823 1533 991 1610 alludent
1022 1550 1116 1614 quam
1146 1537 1294 1598 neutrum
1323 1552 1391 1614 ge».

225 1635 369 1716 rundivi,
391 1635 499 1715 itaque
522 1650 664 1713 sempor,
686 1632 838 1712 utillud,
867 1650 938 1698 cum
960 1632 1060 1712 verbo
1084 1631 1282 1698 substantivo
1304 1649 1383 1696 enn-

227 1733 381 1811 iunctum,
410 1732 633 1812 necessitatem
661 1731 817 1812 exprimit.
862 1729 965 1809 Plaut.
990 1730 1076 1796 Asin.
1100 1730 1159 1808 111,
1184 1736 1212 1810 3,
1236 1734 1291 1797 92:
1329 1733 1378 1802 In·

226 1833 471 1894 ambulandumst.
517 1827 556 1900 V.
580 1833 608 1907 2,
632 1833 686 1910 87:
717 1833 798 1910 Male
826 1831 1028 1907 enbandnmst.
1079 1828 1169 1895 Cure.
1192 1827 1248 1907 IV,
1274 1835 1300 1907 l,
1323 1833 1378 1904 2b;

226 1929 345 2006 lingone
367 1929 606 2004 moderandnmst
626 1925 707 1990 mihi.
753 1926 844 2008 Epio.
867 1922 892 2004 Ι,
909 1931 937 2006 2,
956 1931 1009 1995 59:
1034 1931 1100 1990 Non
1124 1931 1200 2000 enim
1223 1947 1300 1990 nnnc
1322 1929 1378 1988 tibi

223 2028 455 2106 dormitandum,
477 2045 573 2104 neque
597 2027 756 2105 cunctandi
778 2029 900 2107 copiast.
944 2024 1060 2106 Bocch.
1077 2042 1105 2086 v.
1124 2027 1201 2088 240:
1226 2029 1291 2089 Heu
1311 2026 1388 2084 dor-¹

226 2127 426 2188 mttnndnmst.
479 2141 507 2194 v.
541 2127 620 2190 4091:
659 2126 759 2188 Minus
796 2125 1003 2186 miscendumst.
1053 2121 1118 2188 Mil.
1152 2140 1182 2184 v.
1219 2127 1271 2186 33x
1292 2138 1380 2202 sqq.:

228 2227 349 2298 epribus
372 2223 662 2302 Penbdnerdnndnmst
685 2254 728 2264 -—
750 2225 791 2282 Et
813 2223 1061 2286 adsentandumst.
1105 2219 1159 2298 IV,
1183 2225 1212 2300 5,
1238 2225 1290 2284 ll:
1325 2241 1378 2284 ero

227 2330 258 2383 16
282 2322 470 2408 onnendmnst
491 2329 620 2397 optumo.
666 2319 738 2398 Uno
759 2319 830 2388 loco
853 2318 1000 2388 Plautino
1023 2320 1141 2399 pendet
1164 2337 1202 2384 ex
1225 2336 1262 2383 eo
1285 2337 1381 2384 aceu-

228 2417 499 2496 sativos-obiecti,
520 2416 607 2482 Trin.
630 2416 685 2496 IV,
703 2422 731 2498 2,
748 2422 802 2482 27:
826 2421 939 2495 Opinon
961 2420 1001 2478 mi
1026 2421 1194 2480 advenienti
1215 2420 1270 2478 hae
1287 2425 1378 2480 noctu

221 2519 427 2593 npttondnmst
459 2517 586 2592 niptln'es.
630 2515 760 2582 Terent
790 2515 889 2594 Andr·
919 2513 945 2594 Ι,
977 2521 1003 2594 1,
1037 2521 1113 2578 125:
1148 2519 1244 2592 Prope
1280 2516 1377 2589 edent,

224 2635 312 2692 quom
338 2619 436 2677 elieno
463 2632 545 2674 more
572 2614 759 2684 semendnmst
783 2615 863 2674 mihi.
883 2621 885 2628 ‘
909 2611 1035 2676 Phorm.
1058 2610 1101 2690 ΙΙ,
1127 2618 1154 2691 l,
1181 2617 1232 2676 19:
1262 2614 1382 2677 Molen-

222 2715 323 2780 dnmst
344 2715 375 2775 in
396 2713 538 2788 pistrino,
568 2712 784 2789 bonlanden,
820 2711 971 2770 habendae
994 2713 1170 2786 compedes,
1205 2715 1286 2788 Opus
1313 2713 1379 2772 rori

222 2811 409 2885 fnmnndnm·
452 2807 490 2876 111
510 2825 575 2872 ecc.
599 2806 702 2886 111111.
726 2805 803 2872 Hes.
827 2805 888 2888 ΙΙΙ,
911 2813 941 2886 4,
966 2812 1019 2872 11:
1051 2813 1078 2870 si
1101 2828 1135 2870 co
1159 2811 1230 2868 mibi
1252 2810 1378 2870 redemt-

222 2911 295 2975 dnm
317 2912 418 2977 seien-
462 2907 512 2973 De
541 2905 609 2970 loco
637 2906 737 2984 Andr.
760 2904 815 2984 IV,
839 2909 868 2985 3,
894 2910 943 2984 13,
965 2905 1019 2986 qui
1049 2923 1113 2968 non
1139 2905 1279 2986 pertinet
1301 2906 1375 2986 buc,

224 3006 297 3072 vioe
318 3001 419 3086 praef.
443 3005 484 3078 ed
506 3003 566 3068 vol.
590 3002 615 3082 I,
638 3022 667 3083 p.
685 3002 761 3074 -V.II.
1388 3057 1392 3064 .

311 3109 339 3167 2.
385 3102 423 3169 In
444 3105 573 3179 pennino
594 3101 734 3176 secessio
758 3101 931 3180 accusativi
954 3101 1111 3167 obiectivi-
1124 3102 1165 3167 ad
1185 3101 1375 3182 gerundium

230 3202 331 3270 multo
355 3206 405 3266 est
425 3199 635 3280 frequentior,
659 3197 748 3266 ouius
770 3201 818 3264 rei
841 3217 969 3264 causum
991 3199 1036 3262 ite
1060 3199 1202 3278 explicet
1219 3199 1378 3273 Weissen-

227 3300 359 3386 ipornius
381 3315 410 3378 p.
438 3302 513 3361 116:
553 3293 652 3376 „Cum
682 3295 841 3376 genitivus
870 3297 917 3360 rei
940 3313 1009 3361 cem
1032 3302 1140 3363 notem
1162 3299 1303 3377 adiiciet,
1335 3316 1376 3362 ex

225 3383 289 3477 que
310 3396 366 3460 illo
387 3394 533 3476 procedit
555 3399 588 3460 et
609 3392 683 3458 telis
704 3389 742 3466 fit
764 3392 891 3473 qualem
913 3411 983 3462 csse
1006 3393 1248 3474 nonnosum
1270 3395 1378 3461 minus

224 3494 345 3566 actioni
368 3511 461 3573 quam
484 3493 531 3559 rei
546 3511 583 3558 en
599 3494 710 3572 potest
721 3491 835 3569 inesse,
858 3494 895 3560 ut
917 3490 1005 3556 nulle
1026 3491 1069 3558 sit
1089 3493 1261 3572 necessitas
1277 3492 1379 3558 actio-

224 3591 275 3659 nis
309 3589 569 3672 significationem
602 3590 635 3653 io
661 3589 708 3654 161
735 3589 893 3666 notionem
923 3589 1093 3668 immutare
1120 3595 1216 3670 etque
1238 3609 1296 3671 pro
1320 3608 1386 3681 gn,

226 3688 341 3754 rundio
364 3689 559 3754 substituere
581 3687 804 3768 gerundivum
828 3694 861 3750 61
883 3690 919 3778 nt
939 3686 1055 3760 licebat
1079 3687 1119 3752 nd
1140 3707 1208 3757 rem
1224 3686 1378 3756 definien-

226 3787 298 3852 dam
322 3786 456 3851 alteram
480 3803 562 3867 quae
585 3786 742 3851 actionem
766 3782 910 3850 efficeret
931 3789 987 3849 nut
1008 3783 1142 3850 haberet
1164 3786 1296 3864 addere,
1327 3786 1380 3850 ite.

221 3884 300 3953 nihil
324 3884 482 3965 obstabat,
505 3901 568 3964 quo
591 3885 694 3952 minus
707 3883 819 3963 ipsam
842 3882 1009 3962 actionem,
1029 3899 1096 3962 qun
1121 3901 1174 3948 res
1189 3884 1242 3948 vel
1256 3884 1379 3964 produ·

219 3987 352 4047 seretur
382 3982 433 4046 vel
463 3980 699 4060 absolveretur,
731 3998 802 4045 cum
835 3979 959 4046 obiecto
989 3981 1190 4045 coniunctene
1220 3985 1372 4061 tanquem

224 4083 333 4148 nomm
356 4069 533 4144 adiicerent
541 4078 558 4106 “
597 4078 785 4159 spectemus
806 4077 942 4157 primum
965 4081 1158 4159 substantiva,
1181 4079 1296 4158 quibus
1317 4078 1375 4144 ad-

222 4175 494 4258 delegerimus
517 4177 661 4256 gennadii
684 4181 715 4243 et
738 4175 917 4258 gerundivi,
941 4175 1056 4256 quibus
1078 4177 1251 4246 adnumero
1275 4177 1386 4242 etiem,
