3048 4770
399 205 507 248 niuno,
537 203 784 248 concinionibus.
812 203 1009 245 ennnlctcruu.
1220 211 1286 272 233

123 395 212 460 Trin.
236 393 293 476 lv,
320 399 345 465 1,
371 400 425 460 13:

191 513 259 556 nam
282 511 394 570 opeque
416 495 495 566 foret
516 499 555 572 te,
579 504 627 557 sat
649 497 710 557 scio
733 498 763 555 in
788 499 849 556 alto

191 595 411 654 Distraxissent
434 595 538 670 disque
562 596 702 655 tulissent
724 593 873 655 satellites
896 594 940 652 toi
963 595 1102 653 miserum
1125 590 1213 652 foeda

192 723 234 736 -
256 692 290 749 ni
312 707 371 766 pax
393 693 525 766 propitia
547 693 626 766 soret
647 699 780 767 praesto.

113 789 175 854 ·De
198 804 260 867 quo
283 787 353 851 loco
376 787 570 854 Ritschelius
593 789 656 853 ind.
681 786 777 852 schol.
806 786 906 852 Bonn.
934 791 993 852 184
1002 791 1057 860 4lb
1081 803 1113 866 p.
1137 791 1155 848 7
1163 805 1172 849 :
1195 783 1288 864 „Hoc

123 883 370 950 constructionis
393 901 495 965 genus
518 903 715 966 consequeus
731 903 802 950 esse
818 883 970 952 arbitror:
997 887 1118 961 Absque
1141 889 1172 945 te
1195 883 1287 960 toret,

123 1003 171 1044 ine
195 986 407 1045 distraxissent
428 993 639 1061 tempestates:
663 993 747 1046 tanta
771 1003 872 1046 aarum
894 985 1098 1056 vehementia,
1126 989 1186 1044 tam
1211 984 1285 1042 mihi

122 1085 322 1158 propinquum
345 1084 466 1144 exitium
484 1091 564 1144 erat:
595 1086 652 1144 nisi
676 1085 722 1143 his
754 1083 974 1146 discriminibus
997 1083 1116 1144 tandem
1139 1081 1207 1144 finis
1230 1085 1284 1141 im·

123 1183 241 1256 positum
264 1188 353 1241 emet.
399 1178 552 1244 Videmus
574 1181 656 1244 enim
679 1178 740 1257 bic,¹
765 1183 803 1242 ut
824 1177 957 1259 Reisigii
986 1177 1092 1242 verbis
1121 1183 1195 1241 utar
1224 1176 1284 1242 hoc

124 1293 227 1357 genus
249 1275 433 1341 universum
456 1276 550 1342 docte
572 1275 762 1342 illustrantis
786 1293 897 1350 comm.
921 1276 990 1341 crit.
1013 1275 1047 1339 in
1070 1275 1146 1339 Oed.
1163 1273 1228 1339 Col.
1251 1293 1285 1354 p.

127 1379 190 1439 386
215 1391 297 1455 squ,
322 1375 492 1439 vorborum
516 1374 831 1455 comprehensionem
855 1375 982 1455 gemina
1005 1370 1223 1438 enuntiatione
1238 1373 1285 1436 ita

124 1473 331 1544 cumulatam,
354 1479 391 1536 ut
413 1472 572 1537 alterutra
594 1473 755 1552 loquentis
775 1474 880 1537 animo
903 1473 937 1535 in
952 1471 1108 1551 ampliore
1131 1470 1284 1534 orationis

7 1621 17 1634 .
127 1570 253 1635 ambitu
276 1587 378 1650 paene
400 1569 556 1634 excidisse
579 1570 736 1635 videatur.
775 1570 947 1636 Redundat
969 1587 1063 1648 sene,
1092 1570 1118 1634 si
1141 1569 1285 1633 severius

124 1685 214 1748 agas,
237 1669 354 1732 iterata
376 1668 409 1730 in
431 1665 494 1731 fine
517 1666 743 1732 condicionalis
758 1668 927 1742 sententia,
952 1668 1042 1732 cuius
1056 1668 1120 1730 iam
1137 1667 1178 1730 ab
1193 1666 1284 1729 initio

124 1764 216 1829 facta
239 1777 309 1829 erat
331 1763 532 1846 significatio,
555 1765 612 1830 sed
635 1766 753 1830 iterata
775 1773 825 1830 est
847 1766 996 1830 uberiore
1011 1764 1205 1844 interposita
1229 1763 1285 1827 de-

123 1864 310 1944 scriptione,
334 1881 398 1942 qna
412 1881 484 1928 curn
503 1865 671 1944 propinqui
696 1865 783 1928 exitii
806 1865 895 1928 notio
918 1869 1068 1942 tanquam
1086 1867 1160 1927 ante
1176 1861 1285 1926 oculos

126 1966 282 2042 ponatur,
311 1961 462 2027 facillime
485 1968 518 2025 et
540 1961 697 2026 sentiendi
727 1963 856 2026 veritati
883 1961 960 2026 satis
988 1961 1210 2026 convenienter
1244 1958 1285 2022 nd

124 2059 273 2138 praestiti
295 2059 404 2124 auxilii
426 2061 653 2140 cogitationem
672 2062 798 2124 unimus
821 2058 1023 2124 revocatur.“

213 2163 261 2222 14.
307 2160 540 2220 Emendationis
572 2161 768 2219 semoniae
800 2157 870 2223 vice
903 2157 1049 2237 iungitur
1081 2159 1283 2233 participium,

124 2255 217 2322 cuius
240 2273 333 2319 usum
356 2273 440 2320 nuno
462 2254 645 2320 accuratius
667 2255 892 2336 spectabimus.
923 2257 970 2319 Ac
992 2255 1131 2335 primum
1155 2253 1284 2334 quidem

126 2351 167 2416 de
184 2355 328 2434 tempore
344 2353 372 2418 si
387 2354 562 2434 quaeritur,
586 2361 714 2418 constat
727 2370 791 2418 nou
806 2357 872 2418 tom
887 2356 1014 2433 tempus
1031 2352 1165 2418 actionis
1188 2369 1284 2432 quam

128 2449 342 2516 conditionem
359 2451 537 2532 participiis
552 2450 696 2530 indicari,
720 2456 753 2516 et
767 2452 945 2532 praesentis
961 2450 1087 2530 quidem
1105 2467 1184 2529 earn,
1202 2467 1284 2530 quae

126 2565 200 2614 cum
215 2547 285 2628 ipsa
300 2548 426 2613 actione
443 2551 612 2614 coniuncta
628 2557 687 2628 est,
710 2549 880 2630 praeteriti
895 2564 978 2628 quae
994 2548 1144 2614 absoluta
1159 2548 1285 2612 actione

126 2649 249 2724 exstat,
282 2644 383 2712 loturi
418 2665 500 2712 eam·
516 2665 599 2728 quae
631 2648 797 2728 praecedit
832 2646 989 2711 actionem
1024 2663 1157 2729 eamque
1192 2645 1286 2725 quasi

124 2749 309 2823 praeparat
354 2743 481 2821 (Verba
514 2751 589 2812 sunt
621 2744 873 2812 Weissenboruii
906 2744 946 2809 de
980 2746 1112 2826 gerund.
1147 2762 1177 2824 p.
1211 2746 1285 2819 46).

124 2839 334 2922 Partioipium
357 2848 464 2908 nutem
489 2843 670 2924 praesentis
694 2847 743 2910 est
766 2843 822 2908 ubi
844 2859 907 2907 non
929 2843 1008 2908 satis
1024 2848 1173 2909 accurate
1188 2841 1285 2906 adeo-

124 2955 189 3018 que
211 2957 269 3020 pro
292 2941 449 3022 paeterito
472 2945 506 3006 et
528 2941 638 3006 futuro
661 2944 805 3022 ternpore
820 2941 970 3004 videatur
988 2948 1178 3021 usurpatum
1202 2959 1283 3017 esse,

123 3035 172 3101 ite
198 3041 235 3101 ut
257 3038 405 3104 Sanctus
433 3039 566 3104 Minerv.
596 3057 627 3120 p.
654 3044 715 3103 Ι13]
752 3055 798 3118 sq.
828 3038 967 3105 omnium
997 3043 1177 3118 temporum
1204 3037 1286 3102 illud

124 3151 197 3199 esse
221 3137 412 3202 contendere
435 3139 561 3204 audeat.
593 3137 656 3204 Sed
677 3138 703 3202 si
726 3138 908 3202 accuratius
930 3153 996 3200 rem
1019 3142 1157 3217 spectas,
1180 3135 1287 3199 dicen-

124 3227 202 3296 duni
225 3234 333 3313 potius
357 3243 423 3315 est,
454 3236 673 3300 inhaerentem
697 3233 756 3300 hoc
779 3234 983 3316 participium
1012 3250 1107 3316 saepe
1129 3248 1286 3314 personae

128 3329 307 3396 adsciscere
331 3331 605 3414 significationem,
630 3339 751 3399 utnon
781 3333 883 3398 multo
906 3331 1035 3397 differat
1056 3332 1097 3397 ab
1119 3330 1285 3396 adiectivo.

128 3428 175 3492 Ac
197 3428 319 3508 primus
343 3431 470 3509 quidem
493 3432 597 3512 locus,
630 3449 724 3512 quem
746 3429 1015 3497 affert·Sanctius
1044 3430 1126 3496 hanc
1152 3429 1186 3494 in
1208 3447 1286 3507 rem,

123 3525 198 3592 Ter.
222 3527 320 3592 Andr.
340 3529 364 3604 1,
392 3534 417 3606 l,
434 3535 491 3594 49:
515 3534 574 3592 Sed
599 3541 756 3608 postquam
780 3549 882 3592 amans
898 3534 1028 3593 accessit
1049 3533 1178 3606 pretium
1199 3529 1288 3603 polli-

126 3643 209 3704 cens,
243 3626 322 3691 nihil
355 3627 453 3692 habet
486 3626 699 3703 difficultatis,
735 3626 817 3692 lalso
839 3628 922 3692 enirn
951 3627 1029 3692 illud
1064 3626 1202 3708 explicat
1229 3643 1288 3705 per

125 3725 251 3786 caenis
281 3730 310 3786 et
337 3729 493 3802 pothone
525 3730 601 3801 fuit,
634 3727 767 3808 perinde
800 3729 891 3804 quasi
920 3744 982 3791 nou
1010 3725 1095 3791 actio
1117 3723 1289 3805 pollicendi

123 3827 282 3900 sequatur
305 3823 433 3888 demum
456 3823 615 3891 actionem
637 3823 808 3890 accedendi
830 3824 881 3888 vel
897 3825 1004 3904 potius
1027 3823 1060 3888 in
1081 3823 1166 3887 idem
1189 3831 1289 3901 atque

123 3919 205 3986 haec
230 3928 357 4002 tempus
379 3921 507 3988 incidat
551 3923 676 3988 Deinde
697 3922 825 3987 Phorm.
849 3921 895 4002 V‚·
914 3930 940 4002 l,
961 3928 998 3987 31
1025 3939 1084 4002 sp:
1109 3923 1218 3983 offendi
1233 3920 1288 3980 od·

121 4021 244 4082 omues
263 4024 395 4095 Quocum
418 4025 554 4084 volebam
569 4033 600 4083 et
623 4034 655 4084 uc
677 4027 811 4086 volebam
835 4027 1019 4086 conlocatam
1043 4029 1179 4099 gneum,
1202 4016 1288 4098 quod

123 4115 265 4197 explicat
290 4117 438 4182 Sanctius
461 4135 534 4200 per:
567 4133 725 4198 postquam
749 4123 872 4192 adveni,
895 4141 954 4183 non
977 4127 1007 4182 iu
1030 4125 1153 4195 itinere,
1178 4123 1288 4181 tenen-

122 4214 200 4280 dum
224 4223 274 4279 est
300 4215 456 4282 audonem
482 4217 671 4282 adveniendi
692 4217 790 4283 letius
812 4219 984 4300 propagari
1005 4219 1103 4282 etiem
1124 4214 1157 4278 iu
1180 4215 1288 4292 poste·
