3076 4762
243 171 305 230 174
673 158 800 199 masuic.
829 157 892 198 oen.
906 159 955 199 xn.

242 351 358 418 Caecil.
382 351 462 417 Stat.
485 347 714 414 Pausimaehus
735 346 775 412 ir.
799 352 833 412 4:
857 351 914 408 hoe
937 366 956 408 a
977 357 1007 408 te
1025 350 1155 425 postulo,
1178 349 1225 408 Ne
1247 367 1312 408 oum
1334 365 1396 410 meo
1521 331 1522 346 ¹

240 457 330 528 gnato
353 453 479 526 posthae
503 449 634 508 limeseia
656 455 755 523 eaput.
788 445 916 509 Terent.
941 444 1016 508 Hae.
1042 444 1107 524 III,
1132 449 1161 520 2,
1186 449 1221 508 3:
1247 447 1331 519 Quod
1357 454 1395 516 ta,

240 550 412 624 Aesculapi,
436 555 467 608 et
489 555 530 621 te,
553 549 654 613 Same,
676 546 783 620 nequid
805 547 846 604 sit
869 545 955 604 buius
979 561 1038 603 oro.
1077 543 1133 607 Ad.
1158 542 1195 622 V,
1220 547 1248 618 5,
1276 548 1308 606 l:
1332 549 1396 602 oret

240 645 336 706 frater
364 663 402 705 ne
429 648 519 706 abeas
548 647 673 718 longius.
724 633 839 707 Caecil.
875 640 955 705 Stat.
983 640 1254 720 Hypobolimaena
1286 638 1324 704 fr.
1349 645 1391 705 14:

241 745 375 819 Quaeso,
403 759 441 802 ne
470 750 582 802 temere
605 743 683 800 hane
706 759 769 800 rem
791 759 881 818 apae,
912 757 951 799 aa
971 741 1166 800 iracunditer.
1212 737 1328 801 Caecil.
1353 737 1396 802 St.

241 831 445 905 Obnlostates
467 837 504 901 tr.
521 844 551 916 4,
567 856 595 899 v.
614 841 691 900 125:
715 855 823 912 quaeso
844 857 881 898 ne
900 839 938 900 ad
961 840 1069 897 malum
1093 840 1149 898 hoe
1172 837 1265 898 oddae
1281 839 1411 898 malum..

240 937 369 1001 Terent.
398 935 479 999 Eun.
508 934 588 1015 prol.
616 951 645 999 v.
677 937 726 998 1e:
755 939 784 997 Ia
814 953 851 996 ne
877 941 968 1012 erret,
998 953 1117 1012 moneo,
1153 941 1184 996 et
1211 936 1329 996 deamat
1356 939 1397 994 la·
1521 969 1522 984 .

236 1054 369 1100 tessere.

328 1131 359 1214 c)
382 1135 429 1194 Ne
452 1131 499 1195 ita
521 1130 663 1211 ponitur,
686 1135 723 1193 ut
745 1147 808 1193 non
830 1131 970 1209 pendeat
1001 1149 1040 1196 cx
1068 1133 1167 1196 verbo
1197 1149 1395 1213 praegresso,

244 1232 301 1296 sed
323 1249 382 1310 per
411 1247 446 1295 se
477 1232 639 1292 extantem
666 1227 920 1292 enunciationem
945 1227 1077 1308 efficiat,
1109 1248 1190 1310 quea
1212 1230 1398 1310 plerumque

242 1326 370 1393 finalem
392 1328 491 1393 habet
512 1325 721 1404 sententiam,
752 1325 803 1390 cui
831 1331 938 1390 tamen
961 1345 1184 1408 nonnunquam
1207 1329 1303 1392 etiam
1327 1345 1399 1392 con-

243 1427 391 1491 secutiva
414 1421 604 1506 significatio
627 1423 777 1488 adiuncta
806 1429 870 1504 est,
894 1425 984 1490 cuius
1008 1427 1134 1506 generis
1163 1427 1306 1506 exempla
1329 1445 1400 1506 pcr-

241 1523 344 1588 multa
367 1523 530 1604 congessit
551 1540 590 1586 ex
613 1520 728 1585 Plauto
751 1527 785 1586 et
807 1522 956 1586 Terentio
978 1521 1154 1588 Muellerus
1177 1524 1197 1588 l.
1221 1535 1246 1589 e.
1277 1523 1400 1600 Quibus

241 1622 324 1686 adde
355 1619 435 1684 Cato
457 1620 494 1684 R.
518 1619 556 1684 R.
580 1639 606 1684 c.
631 1625 666 1684 3:
695 1623 742 1681 Ita
772 1623 926 1696 aedifices,
954 1641 990 1684 ae
1020 1626 1092 1685 villa
1117 1625 1241 1684 fundum
1264 1629 1398 1697 quaerat,

239 1738 311 1782 ecoe
334 1721 442 1781 fundus
465 1723 576 1794 villam,
599 1717 655 1781 ubi
678 1734 750 1781 cum
780 1715 866 1782 finali
894 1716 1124 1799 significatione
1153 1721 1320 1786 coniuncta
1351 1724 1400 1784 est

239 1817 449 1882 consecutiva.
494 1817 557 1882 Ib.:
587 1819 661 1878 Olea
691 1819 741 1877 ubi
771 1820 851 1878 lecta
881 1821 953 1894 sict,
985 1823 1083 1881 oleum
1104 1821 1158 1880 fiat
1180 1823 1335 1896 continuo,
1365 1837 1403 1879 ae

238 1921 453 1990 corrumpatur.
486 1913 521 1978 Ο.
546 1918 600 1978 32’;
624 1916 756 1976 Arbores
781 1917 837 1976 hoa
861 1918 948 1977 modo
969 1925 1129 1996 putentur,
1153 1923 1229 1979 romi
1251 1921 1295 1979 uti
1318 1919 1400 1980 dive-

238 2017 387 2088 ricentnr,
420 2033 492 2090 quos
519 2015 687 2088 relinques,
715 2020 746 2072 et
779 2017 823 2072 uti
846 2021 928 2074 reete
956 2018 1136 2089 caedantur,
1160 2024 1191 2075 et
1219 2035 1256 2076 ne
1279 2019 1400 2078 nimium

238 2113 578 2185 crebri‘relc'nqoantar,
602 2109 658 2174 ubi
679 2109 770 2174 vides
792 2114 922 2190 praeter
944 2107 1071 2176 finalem
1086 2110 1351 2192 significationem
1368 2113 1401 2176 in

237 2226 265 2271 v.
288 2227 325 2269 ae
347 2209 463 2272 iterum
487 2208 592 2272 inesse
616 2208 710 2271 etiarn
734 2208 979 2272 consecutivam.
1003 2209 1098 2273 Ennii
1122 2207 1269 2291 Thyestis
1291 2209 1330 2274 fr.
1351 2216 1399 2287 11,

235 2325 262 2371 v.
287 2311 367 2370 405:
399 2310 447 2369 Ne
476 2309 613 2382 contagio
641 2325 707 2368 mea
730 2309 816 2369 bonis
844 2310 985 2368 umbrave
1013 2310 1096 2369 obsit.
1141 2307 1245 2372 Plant.
1271 2307 1337 2371 llil.
1361 2307 1401 2387 V,

231 2423 260 2470 v.
282 2411 359 2470 577:
382 2425 470 2482 quam
485 2407 612 2481 benigne
635 2409 762 2480 gratiam
779 2407 874 2479 Fecit,
897 2423 935 2464 ae
957 2408 1051 2467 iratus
1074 2414 1154 2468 essct.
1200 2406 1296 2471 Mero.
1320 2406 1345 2486 I,
1369 2413 1400 2486 2,

231 2508 290 2568 35:
315 2507 373 2565 Dic
396 2505 480 2579 mihi,
504 2523 540 2564 an
565 2505 635 2563 boni
658 2506 728 2578 qaid
751 2510 913 2578 usquamst,
938 2503 1016 2579 quod
1039 2507 1193 2581 quisquam
1218 2509 1262 2566 nti
1284 2507 1400 2582 possiet

233 2604 305 2663 Sine
328 2604 407 2662 malo
432 2604 519 2673 omni,
544 2608 595 2660 aut
616 2618 652 2662 ne
674 2603 806 2662 laborem
831 2603 934 2675 copiae
956 2619 1044 2676 quem
1066 2605 1119 2663 illo
1134 2605 1180 2662 ati
1195 2605 1302 2665 voles?
1324 2600 1354 2665 h.
1369 2621 1395 2666 e.

230 2705 287 2761 aut
310 2699 356 2761 ita
377 2702 608 2776 comparatum,
632 2703 668 2761 ut
691 2697 834 2763 laborem
856 2715 920 2761 non
942 2698 1049 2776 capias
1065 2703 1140 2763 cett.
1164 2698 1248 2763 Trin.
1264 2718 1292 2764 v.
1315 2705 1394 2764 143.-

230 2798 308 2873 quod
331 2813 414 2858 meaa
437 2797 671 2858 concreditumst
692 2798 905 2858 Taciturnitati
928 2829 969 2839 -
991 2799 1038 2856 Ne
1060 2801 1260 2864 manaurae.

313 2893 347 2969 d)
392 2891 554 2972 Exemplis
580 2911 609 2958 v.
636 2912 710 2954 neve
743 2893 776 2956 in
804 2893 1004 2973 praegressis
1039 2893 1145 2958 allatis
1181 2896 1263 2959 adde
1293 2895 1389 2960 Ennii

227 2990 395 3055 Phoenicis
417 2989 454 3054 ir.
479 2995 513 3053 7:
536 2992 618 3052 Neve
640 2999 672 3053 tu
695 3010 832 3068 umquam
854 2994 885 3051 in
908 2995 1051 3068 gremium
1078 2995 1202 3056 eetoblas
1224 2996 1388 3056 liberorum

228 3108 266 3152 ex
287 3098 318 3152 te
339 3109 443 3168 genus.
830 3089 833 3098 '
1291 3141 1294 3146 ,

314 3194 342 3262 e)
386 3189 514 3262 Nedum,
538 3186 578 3252 de
601 3187 692 3253 cuius
709 3183 945 3267 significatione
971 3185 1044 3251 vide
1073 3193 1203 3268 praeter
1225 3186 1390 3253 Handiurn

226 3284 344 3364 Reisig.
367 3302 398 3364 p.
424 3287 495 3363 587,
517 3285 618 3349 semel
640 3285 760 3366 legitur
782 3283 869 3364 apud
898 3283 1100 3364 Terentium,
1129 3285 1246 3350 Heaut.
1271 3284 1333 3364 III,
1360 3291 1386 3362 1,

227 3385 286 3446 45:
310 3385 438 3458 Satrapa
461 3385 487 3444 ei
502 3386 560 3445 siet
574 3389 709 3461 Amator,
732 3403 891 3459 numquam
907 3385 1032 3444 sufferre
1049 3388 1113 3446 eius
1130 3391 1266 3460 sumptus
1282 3390 1374 3460 queat

227 3481 344 3540 Nedum
374 3486 407 3541 tu
432 3482 533 3554 posses.
577 3481 682 3546 Locus
709 3485 818 3544 autem
846 3479 950 3545 Plant·
981 3479 1051 3545 (lae.
1074 3481 1113 3553 V,
1136 3487 1166 3558 4,
1200 3484 1258 3544 23:
1287 3483 1333 3542 Ne
1358 3489 1392 3542 ut

226 3594 353 3655 amasso,
378 3576 434 3642 ubi
455 3575 591 3656 simplex
612 3598 651 3639 ae
673 3578 807 3642 eandem
828 3574 1096 3658 significationem
1119 3577 1240 3642 habere
1262 3577 1391 3655 dicitnr,

226 3671 313 3736 hand
336 3674 433 3738 dubie
454 3679 507 3740 est
522 3674 729 3740 subditicios.

315 3774 365 3835 22.
409 3773 457 3832 Ne
477 3774 586 3836 nmen
610 3773 790 3838 eoniunetio
813 3773 898 3852 apud
913 3773 1050 3838 verbum
1066 3791 1169 3836 aeone
1184 3789 1281 3853 saepe
1298 3773 1393 3836 emit-

226 3867 308 3933 titur
330 3871 364 3930 et
385 3868 473 3933 solus
494 3870 712 3934 coniunctivae
735 3869 873 3951 ponitur.
915 3868 1014 3935 (irae.
1037 3867 1228 3950 Delplricnm
1250 3885 1302 3950 ap.
1319 3869 1391 3934 bin.

226 3964 265 4044 V,
291 3968 346 4028 le:
370 3983 441 4028 eave
467 3969 598 4028 ——siris
623 3967 682 4043 (sie
709 3966 831 4042 amend.
861 3968 972 4032 Herm.
1000 3971 1035 4032 et
1055 3965 1178 4032 Grates.
1206 3973 1313 4032 metro
1336 3985 1391 4032 en·

225 4067 322 4144 gente
341 4065 441 4139 ebroe
470 4063 556 4142 quod
584 4063 642 4129 est
659 4065 748 4144 apud
769 4063 915 4138 Livium).
957 4064 1100 4132 Naevius
1129 4063 1167 4128 ir.
1191 4063 1397 4129 Corollariae

227 4165 262 4224 7:
278 4163 329 4238 ·St,
353 4169 431 4238 tuae,
456 4162 534 4224 bees
558 4163 680 4225 cerbon
702 4164 794 4237 sosia.
839 4160 876 4227 tr.
899 4161 1034 4245 Lyeurg.
1059 4167 1114 4228 le:
1140 4165 1222 4225 ecoe
1241 4166 1283 4225 sle
1308 4171 1391 4224 tuem
