3076 4762
244 201 285 261 96
429 153 431 156 Ι
691 186 809 226 VERBUM
838 187 900 226 cle.
922 187 960 226 xl.

240 380 305 445 Fut
292 384 364 444 turo
397 386 430 443 et
417 374 565 443 tiuturo
593 382 703 442 exacto
730 368 902 460 respondet
930 379 1099 486 praesens:
1134 375 1241 440 'Plaut
1271 373 1344 437 Aul.
1375 373 1400 453 1,

244 484 272 554 1,
299 484 354 541 14:
379 481 553 540 Oculos—
576 479 748 589 effodiant
736 466 805 551 tibi,
835 463 881 537 Ne
904 496 949 548 me
973 460 1132 536 observare
1150 476 1258 576 possis.
1302 471 1399 536 Poen

240 575 278 656 V,
303 581 334 663 4,
358 581 412 640 94:
437 595 522 654 mage
545 577 597 650 qut
621 568 732 636 44444
721 593 756 644 44
782 573 889 635 dicam.
934 563 1049 635 Pseud.
1070 569 1099 650 l,
1126 567 1154 648 3,
1178 570 1243 636 99:
1270 573 1400 690 4444444

238 708 282 718 -
304 643 408 737 04-
430 675 620 756 44444444,

327 771 355 836 d
378 745 617 834 ’04444444444444
639 765 845 848 consecutivae.
886 769 988 833 Int
952 777 973 832 u
974 774 1088 848 traque
1111 748 1400 856 4444444444444
1349 757 1400 832 444

235 849 397 969 praeseus
423 860 783 950 plantamine,
810 855 883 933 444
912 863 1012 928 ve'rum
1037 871 1079 928 ita
1102 849 1249 928 animatus
1273 867 1315 952 foi
1339 868 1399 926 144-

241 988 298 1046 que
322 989 400 1031 nune
422 988 498 1047 4444,
529 970 594 1030 444
586 987 623 1029 ea
644 965 803 1044 tapateiu
825 969 936 1026 4444444
981 953 1111 1045 Imperi
1136 969 1185 1029 444
1207 949 1399 1077 praegresso

238 1065 293 1128 inf
317 1057 423 1146 praes
456 1065 584 1130 Terent.
609 1053 685 1156 Hee.
709 1064 764 1144 IV,
791 1069 817 1142 1,
844 1069 881 1130 17
905 1069 991 1164 sqq:
1025 1061 1129 1125 Adeon
1161 1054 1311 1139 perii'ea‘ei
1340 1081 1400 1124 esse

241 1169 394 1238 animoa
395 1171 551 1240 tpuerurn
570 1171 766 1240 praeoptares
785 1156 897 1241 perire,
922 1154 968 1223 Nx
991 1183 1048 1239 quo
1071 1162 1326 1222 firmioremi'nt'er
1344 1181 1397 1222 nos

233 1259 305 1325 ‘iore
338 1262 498 1324 amicitiam
527 1270 597 1338 post
585 1264 654 1324 thae
683 1267 786 1331 scires,
816 1263 880 1323 Ρο4
859 1271 918 1322 tius
949 1280 1040 1420 quamnf
1060 1257 1255 1321 4444444444
1240 1258 1330 1320 animi
1355 1252 1398 1321 tui

238 1361 402 1455 lubidinem
433 1359 507 1422 esset
538 1377 603 1422 cum
636 1365 688 1422 illo
718 1355 833 1438 nupta?
819 1346 916 1422 iH
941 1357 960 1422 l.
992 1356 1045 1421 inf.
1074 1377 1133 1419 esse
1161 1356 1282 1421 nullum
1305 1355 1397 1436 plane

237 1447 366 1538 tempus
392 1453 509 1522 definit
488 1458 556 1521 tum
573 1451 730 1538 exprimit,
708 1458 811 1523 tsed
827 1457 904 1522 nihil
918 1458 977 1521 nisi
969 1455 1106 1520 nudam
1120 1455 1277 1520 actionem
1291 1445 1396 1568 444-44

156 1554 161 1559 “
239 1555 388 1620 enunciat
390 1556 462 1620 ione
487 1555 613 1620 demum
638 1557 863 1633 secundariat
849 1555 965 1619 transit
952 1555 1050 1618 ttad
1037 1559 1162 1634 tempus
1179 1558 1270 1634 praet
1273 1535 1318 1616 eri
1321 1541 1397 1616 4444.

236 1648 423 1716 Perfectum
441 1655 658 1722 concorda
600 1661 699 1722 nn
715 1655 893 1736 praesenti
907 1653 1012 1718 Plani
990 1651 1122 1732 ttCap
1136 1652 1215 1732 piol.
1230 1671 1259 1714 v
1273 1654 1323 1716 47.
1339 1657 1394 1718 49:

238 1745 927 1836 44444444444444444444444444441444-
955 1756 1051 1814 [itin
1081 1755 1222 1813 servitute
1193 1754 1294 1812 thie
1319 1752 1396 1828 apud

237 1869 322 1912 suum
348 1838 468 1910 moneat
501 1845 626 1927 patrem
672 1847 754 1914 Men.
779 1850 816 1930 V,
844 1856 870 1929 l,
898 1855 949 1914 12;
986 1851 1105 1925 Quint
1093 1851 1210 1934 tandem
1236 1843 1376 1910 44444444·
1367 1854 1396 1909 iii

238 1967 295 2027 me,
329 1955 363 2010 444
379 1952 472 2032 loqui
501 1969 559 2010 nan
588 1951 735 2010 audeam?
780 1947 861 2012 nun.
890 1945 943 2020 IV
974 1951 1010 2022 2,
1029 1948 1083 2010 20
1112 1927 1196 2009 Nem
1225 1953 1279 2022 ego
1308 1967 1395 2020 nune,

232 2041 325 2122 'qni
317 2049 433 2124 mpiger
467 2043 523 2123 iul,
559 2049 675 2122 repperi
702 2051 741 2108 mi
766 2051 852 2124 piger
882 2037 915 2107 ut
941 2049 967 2108 44
993 2065 1026 2106 44
1029 2047 1080 2106 444
1106 2036 1171 2108 4444.
1216 2041 1396 2123 Utrobique

238 2139 416 2224 perfectum
440 2131 568 2209 Terent.
592 2123 709 2210 Heaut.
732 2140 769 2224 V,
794 2149 822 2224 3,
846 2152 878 2208 4:
915 2139 1101 2206 nullamne
1095 2163 1149 2220 ego
1171 2149 1234 2204 'rem
1257 2150 1395 2219 uniquam

242 2238 338 2311 Volui,
366 2241 438 2317 444444
447 2241 527 2304 tu'
519 2263 549 2303 m
572 2263 609 2304 44.
631 2263 663 2305 44
694 2247 766 2306 mihi
788 2243 883 2330 fueris
906 2244 1047 2306 atvoisot
1048 2243 1114 2303 rix?
1158 2236 1236 2304 Η44.
1261 2229 1342 2320 prol
1369 2245 1395 2316 1,

238 2355 267 2402 v
293 2343 326 2403 2
350 2360 455 2403 novom
478 2343 637 2403 interuenit
656 2332 999 2420 miumetoal'amitas,
1023 2328 1180 2441 Utineque'
1199 2333 1396 2418 spectamus

240 2455 296 2512 que
320 2442 459 2515 cognosti
478 2441 616 2514 potoe'rit.
661 2435 686 2518 I,
711 2444 740 2521 2,
766 2433 805 2503 63
829 2453 889 2518 sq:
913 2440 1122 2519 44444444,-
1147 2437 1355 2514 utpotuoriti

232 2531 235 2538 ’
325 2553 352 2598 4.
397 2535 585 2617 Exemplum
619 2527 836 2600 enuntiationis
870 2537 999 2598 4444444444
1033 2487 1084 2602 est
1116 2535 1198 2600 Eun.
1227 2527 1253 2614 I,
1282 2534 1310 2605 2,
1343 2523 1395 2596 16:

238 2651 297 2694 uon
320 2636 381 2709 pol,
404 2651 461 2708 quo
484 2639 658 2712 quemquam
682 2640 749 2712 plu's
770 2655 864 2697 444444
887 2640 936 2697 444
955 2626 1026 2710 plus
1049 2633 1181 2744 44444444,
1204 2638 1249 2696 Eo
1273 2624 1339 2707 feei.

232 2728 244 2823 j
324 2727 345 2792 i.
376 2729 426 2794 nd
455 2733 666 2796 conditionales
692 2724 910 2796 emundationes
933 2728 1017 2813 quod
1039 2735 1088 2795 att
1089 2727 1165 2811 inei,
1194 2731 1226 2795 in
1251 2723 1396 2796 tratione

231 2803 329 2918 Ι44444
351 2817 476 2910 s'p'ee'tat
442 2827 562 2896 annue
585 2824 653 2894 tant
651 2815 801 2922 unimode
828 2833 934 2914 sumpt
921 2829 965 2892 tio
989 2827 1064 2910 ficti,
1096 2813 1302 2894 initiatione
1318 2828 1396 2892 obli·

229 2920 302 3004 [qua
331 2925 427 2990 etiam
451 2931 562 3009 sumpt
562 2925 592 2991 io
548 2925 738 2992 tdati't
658 2931 738 2994 444
762 2927 912 3042 sumptio
923 2924 1018 2992 dandi
1047 2921 1147 3002 ioill
1150 2917 1239 2992 tzler
1265 2905 1394 3006 0444444

230 3021 447 3108 'eririetu‘nqen
476 3043 505 3106 p
534 3027 574 3089 66
596 3013 672 3108 sq.)
721 3009 789 3091 lam
824 3025 851 3090 si
874 3011 1109 3106 distinguimus
1144 3023 1396 3091 enuntiationem

232 3113 430 3202 'sumptivam
461 3141 520 3203 per
546 3127 573 3188 st
589 3118 846 3208 coniunctionem
871 3116 1045 3189 4444444444
1068 3103 1330 3222 ¹cnn'd‘itionalem,
1366 3118 1397 3186 i'n

230 3207 329 3283 ’44444
295 3221 486 3299 tquidem
516 3227 588 3286 orat
589 3221 661 3286 ione
684 3202 874 3303 plerimqie
901 3219 961 3334 hae
984 3217 1067 3287 duae
1091 3207 1330 3288 4444444414444
1351 3218 1399 3282 na

230 3314 286 3399 ¹int
288 3319 323 3381 44
353 3335 387 3382 44
416 3318 653 3400 4444444444
654 3305 927 3402 ttemporu'me
925 3319 1001 3384 tiam
1024 3316 1164 3416 intense
1188 3309 1398 3425 neginatonum

230 3413 355 3478 'existat
391 3416 620 3482 convenientia.
667 3407 869 3483 Concordem
856 3417 961 3500 tigit
948 3402 1174 3482 timetur
1126 3437 1158 3504 m
1160 3414 1209 3482 444
1236 3405 1275 3481 44
1305 3408 1398 3498 piae'·

228 3509 321 3579 ’4444
311 3528 343 3576 la
380 3530 450 3578 aum
481 3507 871 3626 per'ieot'1S,impeiieot'a
906 3533 977 3603 cum
1010 3496 1333 3604 plusquamperfeetis
1363 3509 1396 3575 44

238 3607 312 3674 nero
339 3607 408 3675 tant
396 3618 463 3677 tum·
491 3613 629 3694 utraque
657 3597 804 3694 tempora
828 3611 880 3677 int
867 3620 917 3677 ter
942 3610 976 3678 44
1009 3611 1201 3698 miscentur(
1244 3599 1397 3675 Ninnmi-

230 3711 333 3787 ‘quam
364 3704 549 3791 impeiieot'a
577 3716 628 3777 est
614 3709 817 3778 tennnelat'
794 3718 838 3775 uo
869 3711 978 3777 condit
979 3691 1101 3789 ionalis,
1128 3703 1232 3775 itaut
1256 3695 1397 3788 sumptio

238 3802 307 3870 'sola
328 3807 435 3890 posita
457 3810 499 3874 sit
522 3827 598 3874 vera
632 3807 766 3889 aponosi
787 3817 847 3892 p'er
869 3807 1000 3889 ellipsin
1016 3801 1133 3873 omissa
1157 3796 1189 3874 et
1211 3804 1319 3870 mente
1343 3803 1398 3868 ad-

229 3891 352 3977 44444,
387 3903 440 3970 ubi
475 3905 549 3987 psit
536 3905 634 3972 tinulo
667 3910 694 3968 si
728 3900 768 3972 44
796 3899 851 3971 seii
853 3907 985 3972 tentiam
1013 3893 1177 3985 quidem
1172 3898 1233 3969 non
1260 3898 1349 3967 mult
1329 3907 1398 3967 tum

240 3997 347 4069 differt
334 4006 470 4082 tapar
471 4003 638 4068 ticula'tmt
640 4010 771 4084 errogat
771 4005 831 4069 iva.
877 4003 929 4070 Sic
951 3987 1170 4084 4144444444.
1184 3999 1273 4083 prol.
1295 4003 1324 4063 i.
1343 3996 1397 4065 2⁷:

240 4098 349 4175 Coepit
373 4101 508 4175 captivos
532 4105 718 4163 conmeroari
739 4105 788 4164 hio
803 4105 905 4179 Aleos,
929 4101 964 4162 Si
980 4120 1066 4178 quem
1081 4101 1218 4183 reperire
1228 4101 1334 4176 possit,
1350 4102 1398 4176 qui

238 4199 331 4256 motet
366 4213 449 4258 snum
484 4224 528 4246 =
556 4197 583 4262 si
610 4195 703 4276 forte,
736 4201 936 4280 experturus,
969 4203 1142 4278 numquein
1166 4191 1252 4263 44444
1275 4212 1344 4277 rep
1366 4213 1395 4276 p.
