3048 4770
477 135 943 178 noanaunnnnc.l²nnunu1nnuu.
1115 187 1124 204 ,
1247 146 1314 208 223

148 317 343 383 Frontonem
366 318 399 386 in
423 339 471 400 ep.
496 327 537 388 ad
560 324 680 390 Verum
703 325 777 406 imp.
811 333 838 406 Ι,
861 345 891 407 p.
927 333 985 391 134
1015 327 1147 408 (Meyer.
1177 327 1209 390 in
1236 327 1311 392 add.

144 416 189 480 ed
210 435 240 497 p.
264 419 313 481 65.
357 416 484 484 london.
510 425 617 501 35,1):
646 428 766 487 Interea
789 445 1023 503 unamquamque
1052 435 1189 503 turmam,
1216 429 1309 486 mani·

146 520 260 594 pulum,
284 518 437 577 eohortem
460 525 652 597 temptabam,
677 526 748 599 quid
770 524 871 585 iacere
891 532 1028 600 possent.
1072 520 1176 586 Plano.
1194 520 1311 601 Amph.

147 613 174 689 I,
200 618 228 691 Ι,
255 613 312 675 141
338 627 400 688 sq.:
425 634 502 677 nuno
525 629 688 694 propterea
712 623 788 696 qnod
812 641 858 680 me
881 640 963 682 mens
992 641 1061 682 erus
1091 622 1177 681 Fecit
1206 629 1243 699 ut
1265 623 1307 682 vi-

149 716 282 787 gilarem.
328 725 357 772 11.
382 713 461 776 242:
484 717 528 776 Tu
551 735 597 776 me
621 719 702 779 vivos
726 721 814 780 hodie
842 737 999 796 numquam
1027 718 1121 780 laoies
1151 721 1221 794 quin
1251 719 1312 779 sim

148 811 242 871 Sosia.
290 804 334 876 ΙΙ,
360 810 385 885 Ι,
420 813 474 874 35:
504 817 546 874 At
568 832 623 888 ego
646 814 754 876 laoiam
777 823 807 876 te
831 817 930 891 hodie,
954 817 1081 892 proinde
1105 823 1138 875 ut
1160 815 1307 893 meritu's,

146 915 180 969 ut
204 911 302 974 valeas
329 918 435 982 minus,
466 913 507 972 Et
539 914 631 972 miser
657 914 717 973 sias
749 912 812 992 [ex]
844 916 926 976 seluo
956 916 1024 987 iem,
1055 911 1111 976 ubi
1137 929 1165 978 v.
1194 911 1305 975 Lamb.

145 1005 232 1070 Asin.
256 1006 282 1088 Ι,
310 1013 336 1088 l,
364 1015 419 1076 13:
449 1017 481 1070 ut
508 1010 573 1084 ipse
602 1011 693 1082 soibo,
725 1016 755 1070 te
782 1010 896 1074 iaoiam
920 1019 953 1072 ιιι
982 1014 1070 1073 soles.
1100 1013 1129 1084 2,
1163 1014 1216 1073 14:
1240 1012 1306 1086 Ego

140 1107 254 1180 edepol
285 1115 315 1169 te
343 1110 450 1190 faniam
478 1113 511 1167 ut
541 1123 616 1182 quae
647 1107 688 1167 sis
719 1107 798 1168 nuno
828 1117 859 1169 et
882 1127 957 1185 quae
980 1108 1073 1169 luetis
1096 1110 1183 1170 solas.
1232 1105 1303 1170 nul.

143 1201 205 1282 111,
230 1207 258 1281 2,
283 1207 340 1268 29:
364 1207 429 1282 Ego
451 1212 481 1265 te
504 1203 623 1280 faeiem,
645 1206 838 1267 miserrumus
861 1207 996 1267 mortalis
1019 1208 1063 1265 uli
1086 1208 1135 1267 sis.
1180 1202 1235 1282 IV,
1256 1207 1305 1282 10,

144 1303 204 1363 67:
230 1303 324 1376 Quom
347 1321 401 1378 ego
414 1319 497 1363 avom
513 1305 571 1362 ium
587 1301 655 1374 feei,
673 1308 707 1362 ut
722 1321 805 1366 esses
831 1305 904 1364 filiai
921 1304 1054 1379 nuptiis?
1076 1301 1131 1365 ubi
1154 1300 1305 1365 Tolobin:

143 1396 277 1476 „Genus
299 1399 449 1478 loquendi
472 1397 695 1479 permixtum.“
740 1395 831 1479 Oept.
855 1399 914 1478 ΙΙΙ,
937 1405 967 1474 4,
992 1405 1049 1464 77:
1073 1418 1127 1476 ego
1151 1404 1186 1476 te,
1203 1402 1303 1462 Philo·

141 1503 243 1558 crates
270 1500 370 1571 Falsa,
399 1498 506 1558 isaiam
535 1505 568 1558 ut
598 1513 685 1558 uerus
716 1499 804 1558 hodie
831 1503 985 1574 reperiare
1014 1498 1179 1574 Tyndarus.
1232 1494 1304 1560 (ias,

142 1591 203 1672 ΙΙΙ,
220 1597 249 1673 6,
269 1597 325 1661 18ι
345 1598 450 1656 Facite
474 1613 595 1658 coenam
611 1595 682 1656 mihi
698 1603 732 1654 ut
754 1597 839 1658 ebria
861 1599 901 1656 sit
917 1596 975 1671 (=
991 1594 1132 1673 opipara,
1151 1594 1303 1674 eopiosa).

141 1688 222 1754 cist.
246 1689 307 1770 111,
334 1697 387 1755 14:
411 1695 455 1753 Tu
478 1709 555 1753 nuno
578 1721 620 1732 -
644 1695 708 1752 sola
731 1711 777 1752 me
801 1699 835 1752 ut
864 1697 957 1755 vivam
988 1693 1074 1754 faeie.
1124 1691 1215 1772 Epid.
1247 1690 1302 1768 IV,

141 1795 173 1868 2,
197 1793 254 1854 36:
278 1792 461 1852 exitiabilem
485 1807 538 1864 ego
561 1791 607 1850 illi
623 1788 729 1850 faciam
752 1791 832 1851 huno
855 1797 889 1851 ιι
918 1791 972 1852 det
1000 1792 1088 1851 diem.
1133 1788 1231 1854 Most.
1257 1787 1302 1865 11,

142 1893 172 1965 1,
202 1891 258 1952 42:
287 1891 312 1950 si
343 1907 397 1963 ego
430 1890 634 1950 advenientem
657 1888 701 1945 ita
729 1896 845 1962 petrem
869 1888 1191 1962 laoiemtuum,1Non
1215 1889 1301 1948 modo

140 2002 182 2047 ne
205 1989 285 2048 intro
309 1993 367 2061 eet,
391 2003 492 2048 verum
515 1988 604 2045 etiam
627 1991 661 2044 ut
682 1984 776 2060 lugiet
799 1986 885 2061 longe
917 1988 954 2047 ab
982 1986 1123 2048 aedibus?
1150 1982 1217 2048 Mil.
1244 1981 1302 2061 IV,

138 2086 171 2162 6,
194 2087 251 2146 43:
275 2086 376 2144 Venus
399 2083 473 2145 lecit
495 2099 561 2142 eam
583 2089 616 2142 ut
640 2083 798 2144 divinaret.
843 2083 958 2150 Pseud.
983 2082 1008 2162 Ι,
1033 2087 1062 2162 2,
1087 2087 1143 2146 33:
1174 2087 1302 2144 Pernam

139 2183 251 2242 uallum
272 2181 421 2256 glandium
446 2197 547 2241 semen
569 2179 637 2240 faoe
666 2181 696 2238 in
724 2198 801 2256 aqua
825 2184 953 2244 iaceant.
998 2197 1028 2242 v.
1058 2183 1112 2243 79:
1133 2183 1175 2242 Te
1205 2182 1300 2256 ipsam
1395 2247 1397 2252 ,

136 2280 239 2339 culleo
265 2297 320 2355 ego
348 2296 415 2339 oras
444 2278 553 2337 fuoiam
583 2283 615 2336 ut
643 2279 802 2352 deporter'e
828 2282 857 2340 in
886 2280 1051 2355 pergulam.
1095 2276 1151 2355 IV,
1181 2281 1211 2354 6,
1242 2281 1300 2340 37:
1384 2271 1386 2278 ’

138 2375 211 2452 quid
233 2391 288 2450 ego
311 2392 396 2436 oesso
420 2375 600 2435 Pseudulum
621 2376 737 2434 Facere
761 2381 793 2435 ut
816 2377 868 2436 det
890 2393 996 2437 nomen
1027 2375 1066 2435 ed
1095 2377 1190 2436 molas
1218 2376 1299 2435 eolo·

138 2472 243 2532 niam?
265 2468 361 2535 Poen.
389 2468 415 2549 Ι,
446 2475 476 2549 2,
507 2473 580 2534 159:
612 2475 654 2533 At
681 2480 712 2532 te
742 2471 834 2534 faciet
863 2482 896 2534 ut
925 2477 965 2534 sis
989 2472 1061 2534 aivis
1084 2475 1301 2548 Atticumque

136 2571 245 2631 libera.
289 2566 333 2645 ΙΙ,
355 2587 381 2631 v.
407 2573 462 2632 41:
491 2576 553 2628 tum
575 2585 622 2628 me
646 2571 783 2645 luppiter
804 2573 913 2633 Faciat
934 2578 968 2632 ιιι
983 2570 1300 2646 sempersaarufioem,

134 2681 286 2742 uunquam
310 2669 392 2727 litem
416 2663 477 2746 (sio
498 2663 615 2737 Boin).
638 2664 676 2745 V,
702 2672 731 2746 ὁ,
759 2671 813 2731 1οε
837 2671 899 2729 Iam
921 2668 973 2744 pol
995 2687 1050 2745 ego
1078 2671 1161 2729 illam
1190 2669 1300 2743 pugnis

137 2771 234 2824 totam
257 2764 432 2824 leolam‘uti
454 2768 493 2825 sit
514 2767 656 2824 merulea.
701 2763 790 2828 Pers,
814 2763 872 2844 ΙΙΙ,
900 2771 926 2836 1,
951 2769 1007 2830 54:
1033 2769 1298 2842 Necessitatem,

136 2865 219 2924 mala
241 2870 274 2922 nt
295 2862 373 2939 liam,
396 2861 481 2922 iacis.
528 2865 557 2938 3,
583 2863 634 2924 10:
657 2864 780 2923 Possum
803 2872 833 2923 te
857 2864 958 2926 lacere
982 2871 1015 2923 ut
1037 2873 1193 2940 argentum
1215 2864 1296 2924 aoei-

134 2962 214 3036 pias,
250 2959 369 3019 lutum?
401 2956 457 3036 IV,
481 2963 511 3036 9,
536 2961 572 3021 6:
595 2976 650 3033 ogo
684 2963 735 3034 pol
768 2968 798 3019 te
832 2960 950 3035 iooiam,
976 2963 1084 3035 eoelus,
1109 2963 1150 3021 Te
1181 2979 1297 3036 quoque

135 3059 229 3119 etium
251 3059 347 3131 ipsum
369 3065 401 3116 ut
423 3059 606 3117 lamenteris.
653 3051 691 3133 V,
718 3064 744 3133 Ι,
767 3060 801 3119 6:
825 3060 898 3116 lodo
922 3076 976 3132 eqo
1000 3061 1095 3119 omnis
1118 3060 1231 3118 hilaros
1253 3061 1299 3118 lu-

134 3157 237 3216 benlis
260 3154 452 3215 laetificantis
480 3154 588 3214 faciam
616 3160 650 3214 ut
678 3155 761 3215 dant.
807 3153 833 3217 1.
864 3152 951 3217 Gon:
983 3153 1217 3233 „perobscurus
1245 3152 1297 3218 hic

135 3248 276 3329 [versus]
301 3257 360 3327 est,
384 3249 425 3314 ob
444 3249 650 3314 insolentiam
673 3247 838 3330 formulae,
867 3251 981 3324 sociem
1008 3253 1122 3313 odoros
1147 3243 1183 3312 ot
1209 3253 1296 3326 fiant,

133 3346 294 3428 elegantis
317 3351 434 3419 tamen,
460 3352 493 3412 et
515 3347 548 3410 in
571 3364 633 3411 uuo
657 3346 772 3412 Plauto
796 3347 873 3412 loeis
902 3347 1059 3412 sexcentis
1091 3348 1213 3425 obviae,
1244 3365 1295 3414 ao·

136 3444 270 3510 cusandi
293 3459 369 3508 casu
396 3461 455 3524 pro
485 3444 667 3509 nominandi
696 3445 833 3526 posito.“·
876 3445 957 3508 Rud.
981 3443 1007 3524 I,
1035 3449 1066 3525 4,
1093 3448 1151 3510 24ι
1177 3451 1220 3508 Tu
1251 3447 1294 3508 fe·

134 3546 179 3604 eis
202 3561 249 3602 me
273 3543 391 3620 quidem
414 3546 514 3604 vivere
545 3551 578 3604 nt
608 3547 704 3606 aelim.
751 3543 845 3607 Troo.
869 3543 924 3622 lv,
948 3548 976 3622 3,
999 3548 1056 3608 42:
1083 3547 1239 3620 Nunquam
1264 3552 1294 3605 te

134 3642 238 3702 faeere
268 3641 357 3701 hodie
385 3643 475 3716 quivi,
503 3649 537 3702 ut
563 3644 590 3702 is
619 3645 669 3717 qui
699 3651 781 3705 esset
804 3643 930 3705 diceres.
976 3641 1103 3705 Terent.
1127 3640 1243 3705 Heant.
1267 3639 1294 3721 I,

132 3743 163 3802 ·Ι.
200 3744 220 3801 4
251 3753 320 3818 sqq.
354 3755 382 3800 v.
407 3741 464 3802 32:
497 3742 585 3813 istuc,
614 3740 756 3816 quidquid
784 3749 840 3819 est,
870 3740 919 3801 iao
947 3757 995 3800 mo
1016 3745 1049 3800 ut
1071 3742 1172 3799 seiam.
1215 3737 1294 3803 Hec.

133 3836 216 3916 prol.
240 3835 283 3914 ΙΙ,
305 3852 334 3899 v.
357 3841 394 3899 4:
418 3838 518 3898 Novas
542 3839 592 3913 qui
615 3846 736 3898 exactas
752 3837 812 3898 ieci
828 3845 861 3898 nt
880 3841 1144 3899 inveterascerent.
1189 3834 1295 3899 Plaut.

131 3931 249 3999 Pseud.
274 3931 299 4011 Ι,
327 3937 353 4011 1,
379 3937 455 3997 11οε
480 3936 563 3996 Satin
587 3944 633 3995 est
657 3937 683 3995 si
706 3935 782 3995 hane
806 3937 894 3996 hodio
922 3937 1076 4018 mulierem
1105 3936 1208 3995 eoficio
1238 3935 1294 3994 tibi

131 4034 197 4093 Tun
232 4039 267 4092 nt
300 4034 347 4093 sit.
407 4029 536 4095 Terent.
574 4031 673 4094 Andr.
704 4029 755 4110 ΙΙ,
785 4037 821 4110 3,
851 4035 905 4095 15:
942 4035 1000 4094 llio
1037 4035 1146 4094 reddes
1184 4034 1293 4107 omnio,
