3090 4768
520 183 560 223 DE
575 183 768 226 TEMPORIBUS.
782 205 808 214 -
822 184 976 226 PRAESENS.
1280 188 1322 259 61

163 379 198 438 iu
220 375 373 450 cogitando
398 391 534 446 moerore
559 390 683 451 urgeor,
714 374 768 441 ubi
796 392 855 454 pre
882 377 915 436 iu
944 373 1052 441 addito
1080 391 1196 450 caueae
1223 371 1322 453 signi-

163 472 346 542 ficationem
368 474 620 551 exspectaveris,
650 471 707 541 sed
730 473 868 553 scriptor
889 471 921 536 id
945 469 1112 552 significet,
1133 472 1166 534 in
1189 488 1251 551 guo
1274 470 1321 534 al·

162 576 267 636 terum
303 571 483 634 continetur
518 574 551 636 et
582 570 785 651 conspicitur.
842 569 969 640 Terent·
995 568 1090 637 Andr.
1120 567 1180 647 ΙΙΙ,
1204 574 1239 645 4,
1264 573 1320 636 32:

164 674 259 746 Quom
288 672 330 732 isti
343 672 501 744 puiuudo
526 673 639 748 aliquot
661 670 821 742 adfuerunt
842 673 964 744 liberor.
1008 665 1136 737 Phora.
1159 665 1184 746 I,
1208 672 1238 740 4,
1262 671 1317 730 47:

161 773 196 830 In
219 789 252 831 re
276 770 457 846 incipiendu-
488 765 621 846 Adelph⁴
643 767 681 847 V,
705 773 736 846 4,
763 773 814 832 lo:
839 769 965 834 contriti
987 768 1020 831 u
1041 767 1213 841 quaerundo
1229 768 1324 839 vitprn¹

161 899 203 910 -
226 885 330 931 meam.
362 865 444 930 Eunt
460 864 516 942 IV,
533 871 561 940 7,
580 870 635 930 14:
659 869 697 930 ili
720 869 835 930 mirum
849 867 1011 934 consutum,
1027 867 1103 936 tund
1124 869 1269 936 rectumst
1284 863 1325 932 de,

163 965 348 1029 occludendis
371 965 500 1029 aedituo.
545 963 650 1028 Pluut.
675 963 746 1028 Aul.
763 961 821 1037 ΙΙΙ,
839 968 869 1043 3,
884 967 918 1028 8:
941 964 1003 1024 Pro
1026 963 1194 1038 vapulando
1216 963 1318 1024 hercle

160 1081 216 1140 ego
250 1065 303 1130 abs
338 1069 367 1124 te
397 1063 566 1130 mercedem
596 1069 697 1138 petam
729 1062 787 1138 (sic
816 1061 964 1140 Kampm.
992 1061 1032 1128 de
1055 1064 1107 1124 AB
1130 1078 1159 1140 p·
1186 1063 1234 1138 10,
1265 1057 1320 1127 cui

160 1164 273 1227 tumen
292 1179 343 1235 epu
366 1157 534 1225 delendum
558 1159 707 1230 videtur).
732 1160 820 1231 Pers·
844 1159 902 1238 ΙΙΙ,
927 1165 955 1237 3,
980 1165 1034 1226 21:
1058 1163 1140 1222 Leno
1156 1167 1186 1223 te
1211 1177 1318 1236 urgen-

160 1268 223 1320 tum
245 1262 345 1335 poscit
368 1289 409 1302 -
432 1259 494 1320 Pro
516 1259 671 1324 leudrada
692 1261 798 1323 umiae.

663 1572 733 1646 Gap.
758 1573 810 1632 XI.
891 1596 892 1605 ι

557 1751 612 1818 De
647 1752 933 1832 temporibus.

244 1938 407 2017 Tempore
432 1938 521 2006 verbi
556 1939 649 2010 lutici
675 1957 694 2002 n
724 1937 885 2018 plerisque
914 1937 1131 2018 grammaticis
1161 1937 1206 2013 ita
1236 1936 1316 2018 divi·

157 2034 286 2115 duntur,
311 2041 347 2104 ut
369 2043 501 2116 praeter¹
521 2043 648 2117 tempus
669 2053 840 2116 praecone,
872 2033 1068 2115 perfectum,
1098 2034 1241 2111 futurum
1263 2053 1315 2100 re·

157 2133 314 2212 spiciatur
344 2135 442 2212 ectio,
476 2135 704 2215 cucurrerit
730 2132 787 2207 iul·
813 2139 847 2201 to
873 2141 931 2203 eut
959 2133 1102 2212 perlecta
1124 2139 1182 2201 aot
1206 2133 1321 2205 runnu.

156 2232 251 2310 auda,
273 2232 320 2298 ita
342 2240 449 2300 temen
472 2239 508 2298 ut
530 2233 649 2301 nullam
672 2233 825 2304 rationem
849 2231 989 2298 habeant
1010 2235 1191 2312 temporum
1212 2229 1327 2303 inlini.¹

159 2328 218 2394 tivi
251 2336 286 2394 et
316 2330 494 2411 participii,
527 2337 724 2412 quapropter
756 2328 870 2408 melius
897 2328 1068 2407 Putschius
1101 2329 1251 2412 (primum
1281 2329 1315 2394 in

158 2425 474 2510 Gymnasiolzeitung
502 2447 529 2494 a
556 2434 652 2508 1841,
680 2433 753 2498 usqu
779 2434 813 2492 et
837 2431 885 2505 10,
916 2427 1028 2494 deinde
1052 2427 1085 2492 in
1107 2420 1326 2507 grammaticu'

156 2542 216 2590 sun
237 2525 351 2607 latina)
380 2527 491 2595 docuit
518 2527 550 2595 iu
579 2526 784 2608 temporibus
800 2525 1029 2593 constituendis
1052 2523 1210 2604 duplicem
1233 2527 1314 2597 tem·

156 2622 244 2702 poris
266 2623 423 2690 rationem
447 2625 702 2707 distinguendum
729 2642 810 2702 esec,
841 2623 978 2704 primum
1002 2643 1082 2704 eam,
1110 2640 1192 2703 quae
1213 2622 1313 2691 inter·

157 2723 250 2788 cedat
272 2722 358 2794 inter
379 2723 537 2791 actionem
561 2731 594 2790 et
616 2724 794 2791 subiectum
817 2721 962 2802 actionis
988 2722 1102 2791 deinde
1126 2740 1206 2802 eam,
1229 2739 1314 2802 quac

154 2817 336 2886 intercedat
357 2822 444 2890 iuter
465 2820 643 2897 subiectum
666 2821 800 2888 actionis
827 2829 860 2886 et
882 2839 955 2888 eum
978 2820 1033 2901 qui
1055 2819 1205 2902 loquitur.
1231 2820 1313 2890 Hinc

153 2921 247 2996 patet
277 2918 396 3000 duplici
418 2920 512 2986 modo
535 2924 682 2999 tempera
704 2919 802 2996 dividi
824 2937 933 3000 posse,
964 2924 1061 3002 prout
1083 2918 1162 2994 haec
1184 2917 1235 2984 vel
1256 2917 1314 2985 illu

154 3013 502 3084 retiolundcmentum
527 3023 560 3082 et
581 3018 775 3098 principium
796 3017 859 3085 fiat
872 3017 1046 3084 divisionis.

243 3119 270 3176 l.
294 3117 440 3180 Praeeem
462 3114 609 3196 (actionis
632 3114 783 3197 iniectae)
799 3133 861 3183 non
878 3119 1002 3182 tuntum
1017 3114 1059 3190 de
1074 3133 1136 3184 uno
1153 3115 1309 3194 temporis

155 3217 276 3291 puncto
299 3213 424 3293 dicitur,
449 3213 505 3278 sed
529 3212 626 3280 etiem
649 3214 688 3278 de
710 3214 847 3295 longiori
871 3214 984 3295 spatio,
1015 3213 1061 3276 ita
1084 3217 1119 3278 ut
1142 3213 1311 3294 praeteriti

154 3326 282 3390 quoque
315 3311 468 3391 temporis
501 3315 624 3392 portem
655 3312 824 3392 complecti
851 3311 967 3392 possit,
1001 3311 1109 3392 itaque
1142 3311 1237 3378 etiem
1270 3312 1310 3378 de

155 3408 345 3487 actionibus,
379 3427 461 3489 quae
493 3411 605 3490 quovis
642 3415 786 3491 tempore
821 3407 891 3473 fieri
921 3416 1070 3489 possunt,
1105 3427 1182 3491 ergo
1213 3410 1318 3478 etiem.

154 3508 302 3586 tempore
333 3506 401 3572 eius
424 3508 477 3587 qui
501 3507 657 3588 loquitur,
686 3509 788 3588 deque
811 3507 939 3588 saepius
961 3508 1108 3587 repetitis
1130 3507 1310 3588 actionibus

154 3602 204 3678 (ci.
229 3602 404 3671 Weissenb.
428 3613 508 3686 spot.
533 3624 564 3686 p.
590 3612 616 3670 7.
641 3606 799 3686 Krueger.
824 3625 955 3686 gramm.
977 3606 1065 3670 latin.
1090 3624 1119 3685 p.
1144 3605 1229 3686 587).
1276 3605 1310 3670 Si

154 3703 237 3768 duae
260 3703 403 3770 actiones
426 3704 458 3768 in
481 3723 544 3772 unu
567 3705 787 3771 enunciatione
809 3705 894 3768 inter
909 3722 944 3770 se
960 3705 1147 3770 coniunctae
1164 3712 1319 3784 tempore·

152 3801 316 3882 praesenti
338 3803 574 3882 exprimuntur,
604 3819 641 3866 eo
663 3800 862 3883 significetur
887 3803 920 3866 in
941 3803 1026 3868 idem
1049 3808 1176 3883 tempus
1198 3802 1308 3868 ambas

155 3899 269 3965 cadere
299 3903 333 3964 et
359 3899 492 3967 alteram
515 3900 647 3979 durare,
677 3901 752 3966 dum
779 3900 883 3967 altere
904 3898 1079 3980 perficitur.
1124 3900 1226 3980 Saepe
1248 3917 1308 3980 pro

152 4013 229 4062 vero
252 3995 392 4078 perfecto
414 4004 600 4078 usurpetur,
622 3999 647 4066 si
672 3999 813 4062 actiones
836 3998 1149 4078 praeteritee'animo
1168 3999 1236 4064 eius
1253 3997 1308 4076 qui

151 4093 294 4175 loquitur
321 4101 354 4160 et
381 4096 449 4162 eius
478 4096 533 4176 qui
560 4097 651 4162 audit
680 4102 831 4175 tanquam
854 4102 1040 4178 praesentes
1063 4099 1308 4178 repraesentan-

151 4195 207 4260 tur
232 4193 391 4276 (pruesenc
420 4192 612 4275 tuoruum).
658 4194 820 4272 Denique,
849 4212 945 4274 quum
972 4213 1129 4312 praesens
1154 4192 1245 4274 quasi
1272 4192 1307 4258 in
