3048 4770
531 138 635 180 altune.
663 139 933 182 turnusoonrlvsa.
1219 149 1283 210 255

124 324 166 406 (1.
192 343 218 390 e.
242 324 328 392 haud
351 325 448 391 dubie
470 332 507 392 tu
530 327 569 392 de
592 326 707 409 puellis
738 307 892 410 loqueris,
923 327 949 394 si
979 334 1068 395 recte
1091 332 1281 396 sententiam

123 429 211 488 tuam
239 425 430 504 assequar)
481 424 538 491 SC.
565 429 677 502 Nernpe
710 427 872 492 molestu’s.
917 425 973 506 IV,
1002 433 1036 506 4,
1075 432 1127 494 13:
1169 431 1286 505 Nernpe

122 524 171 584 hic
195 529 265 584 tuus
289 522 372 601 esst,
395 521 425 588 h.
450 541 478 588 e.
509 541 698 604 perseveras
725 524 826 605 igitur
848 524 879 589 in
904 539 942 590 eo
971 524 1141 604 quodiam
1161 525 1280 607 dixisti,

121 619 208 684 hunc
235 622 326 684 tuum
355 621 447 686 esse?
493 621 563 687 Hoc
588 620 692 701 ipsum
725 622 789 686 iam
820 621 991 704 aliquoties
1024 623 1057 687 in
1088 622 1148 689 hac
1182 641 1280 689 scena

123 716 293 782 Trachalio
316 718 514 784 Daemonem
536 718 810 801 interrogaverat,
834 721 891 784 sed
914 722 1033 801 repetit
1055 721 1284 804 interrogatio*

121 833 194 880 nem
218 833 325 883 suam:
349 816 410 882 Hic
432 817 540 898 igitur,
565 817 830 898 quemadmodum
847 817 964 894 dixisti,
988 824 1193 884 reueratuus
1209 819 1286 884 esti·

121 911 219 978 Certe
248 920 335 980 recte
363 914 494 979 audivi?
538 935 567 980 u.
599 919 657 982 36:
684 919 797 992 Nempe
823 925 855 978 tu
883 920 959 978 hanc
983 919 1074 989 dieis,
1103 937 1190 996 quam
1212 937 1280 981 esso

119 1014 223 1075 aiebas
246 1015 354 1075 dudum
378 1020 553 1091 popularem
576 1015 710 1094 mearet,
732 1015 787 1080 ubi
810 1015 893 1079 scire
907 1015 1180 1092 uultDaemoneS,
1203 1033 1283 1080 num

118 1116 222 1190 recte,
258 1127 352 1190 quam
380 1111 467 1178 dieat
496 1111 682 1182 Trachalio,
716 1118 882 1178 assecutus
910 1113 969 1194 sit,
1003 1114 1044 1177 hu
1073 1111 1180 1192 metult
1209 1111 1284 1192 hod)

119 1206 168 1272 au
190 1208 253 1271 -1
298 1209 336 1286 V,
360 1215 389 1290 3,
414 1215 470 1275 36:
505 1213 617 1286 Nempe
643 1230 698 1287 pro
727 1229 793 1273 meo
821 1216 889 1274 Iure
917 1212 1007 1276 oras?
1051 1211 1140 1277 Trin.
1170 1211 1225 1290 IV,
1249 1217 1278 1287 2,

122 1313 199 1376 124:
222 1310 334 1384 Nempe
357 1311 393 1370 ah
416 1313 482 1386 ipso
505 1311 536 1370 id
559 1313 704 1386 accepisti
727 1311 922 1389 clamitet,
944 1309 973 1375 h.
998 1327 1026 1374 e.
1049 1327 1126 1374 rene
1148 1327 1224 1375 vera
1246 1313 1278 1373 te

118 1407 160 1474 ab
184 1406 254 1487 ipso
278 1405 333 1470 (ih.
357 1406 417 1471 hoc
440 1407 604 1488 accepisse
627 1405 792 1473 affirmas?
826 1407 918 1473 Truc.
950 1406 1000 1488 11,
1022 1412 1060 1486 4,
1086 1412 1139 1472 ll:
1167 1408 1286 1482 Nempe
1345 1483 1357 1508 ,

118 1509 236 1568 tueris
261 1505 348 1566 hodie
373 1524 498 1581 meeum,
523 1523 589 1570 mea
611 1507 832 1570 Phronesium?
874 1505 1000 1570 Terent.
1017 1504 1114 1570 Andr.
1138 1504 1163 1585 Ι,
1181 1509 1207 1583 l,
1221 1508 1276 1569 24:

117 1605 233 1679 Nempe
255 1621 323 1678 erpo
347 1611 452 1680 aperte
476 1607 519 1666 vis
543 1621 618 1680 quae
642 1613 758 1667 restant
781 1622 827 1667 me
851 1605 956 1681 loqui?
985 1603 1023 1684 V,
1039 1608 1069 1682 4,
1084 1595 1141 1668 47:
1162 1601 1286 1678 Nempe·

117 1701 173 1766 id?
219 1700 556 1780 Phorm,11,‘1,72:
587 1703 699 1778 Nema
728 1703 956 1766 Phormionem?
1000 1700 1077 1766 Hes.
1107 1700 1136 1781 I,
1161 1705 1195 1777 2,
1219 1705 1277 1766 30:

117 1803 231 1876 Nempe
256 1821 293 1862 ea
316 1819 423 1878 causa,
447 1807 480 1860 ut
503 1819 539 1860 ne
563 1803 594 1863 id
615 1802 669 1863 fiat
690 1803 810 1878 palam?

206 1917 236 1979 g.
281 1897 427 1978 Denique
449 1893 659 1978 iuterrogatio
682 1899 812 1979 ponitur
834 1917 893 1980 pro
924 1897 1146 1962 enunciatione
1169 1913 1283 1977 sump-

116 1996 194 2059 tiva.
240 1994 291 2061 Sic
313 1995 416 2061 Plaut.
441 1995 556 2077 Amph.
580 1995 641 2076 ΙΙΙ,
663 2002 694 2076 4,
722 2003 774 2062 12:
796 1997 909 2058 Amat?
932 1999 1020 2074 sapit,
1043 1995 1073 2061 h.
1098 2012 1124 2059 e.
1141 1997 1170 2056 si
1185 2001 1278 2064 amat,

116 2111 141 2158 s.
159 2093 275 2158 Bacch.
295 2093 355 2173 ΙΙΙ,
371 2098 401 2174 4,
426 2097 458 2159 3:
481 2097 567 2157 Illum
591 2099 743 2172 exoptavit
769 2096 890 2171 potius?

209 2197 257 2256 ll.
302 2192 518 2258 Transeamus
540 2191 581 2256 ad
605 2209 661 2256 eas
680 2192 963 2272 interrogationes,
993 2206 1075 2271 quae
1106 2207 1284 2270 expressae

119 2293 200 2354 sunt
221 2307 279 2369 per
302 2289 490 2370 pronomina
512 2288 565 2355 vel
587 2289 740 2355 adverbia
761 2289 1001 2370 interrogativa.
1036 2288 1140 2352 Plaut.
1165 2286 1286 2368 Amph,

117 2387 162 2468 II,
187 2393 216 2467 2,
243 2393 316 2454 137:
339 2391 418 2468 Quid
440 2391 496 2450 hoo
520 2397 568 2451 est
590 2389 741 2450 hominis?
784 2387 855 2451 Aul.
880 2385 925 2466 II,
949 2391 985 2466 2,
1010 2389 1068 2456 40:
1097 2387 1178 2464 Quid
1198 2403 1284 2448 nunc-

117 2505 165 2550 ma
194 2489 259 2549 vis?
303 2493 340 2566 4,
368 2491 421 2551 l‘l:
455 2488 537 2564 Quid
557 2485 709 2562 negotist?
754 2483 825 2548 Cas.
849 2484 913 2564 ΙΙΙ,
938 2489 973 2563 5,
998 2489 1052 2548 51:
1085 2484 1159 2558 quid
1180 2482 1283 2547 dnos‘l·

117 2582 177 2650 mie
193 2583 224 2662 Ῐο
247 2579 336 2666 glast?
367 2583 445 2649 (list.
468 2583 516 2658 ΙΙ,
541 2587 578 2661 3,
602 2587 659 2650 36;
691 2587 771 2664 „Ubi
794 2581 955 2648 hahitat?“
978 2587 1107 2660 inquam.
1131 2583 1218 2660 „Duc
1241 2599 1276 2641 ao

118 2687 294 2746 demonstra
323 2680 430 2748 mihit‘
474 2679 532 2761 IV,
556 2685 589 2762 2,
615 2683 669 2748 16:
696 2684 777 2761 Quid
799 2681 917 2762 „hic?“
940 2707 981 2736 -·-·-
1003 2680 1080 2760 quid
1110 2678 1180 2744 dico
1203 2680 1284 2740 liet·

117 2779 211 2861 Epid.
236 2780 291 2856 IV,
315 2784 345 2860 2,
370 2785 404 2844 3:
430 2778 531 2859 Quom
553 2799 648 2841 meam
671 2782 831 2859 matremi,
855 2779 908 2845 uhi
929 2781 1020 2855 quom
1039 2782 1090 2843 est
1116 2793 1205 2857 prou.
1229 2775 1287 2840 iu·-

117 2879 362 2958 terrogativum.
407 2877 502 2942 Most.
526 2876 589 2956 111,
617 2884 647 2956 1,
672 2883 727 2944 92:
749 2880 829 2956 Quid
850 2879 989 2940 iubeam?
1035 2875 1232 2940 Menaechm.
1250 2873 1276 2956 1,

118 2981 148 3056 2,
171 2982 227 3041 44:
251 2981 314 3055 Age
339 2995 410 3040 sane
433 2979 533 3052 igitur,
557 2978 675 3052 quando
698 2995 821 3052 aequom
846 2995 923 3050 oras,
946 2993 1039 3056 pacm
1061 2994 1128 3036 mox
1148 2975 1284 3034 incendo

116 3076 243 3152 rogum?
286 3072 588 3152 Pers.11,a,aa:
615 3074 696 3150 Quid
725 3074 796 3135 me?
838 3071 931 3136 Pha.
961 3075 1067 3136 Utrum
1095 3079 1141 3147 te,
1172 3073 1274 3132 hercle

116 3176 250 3235 hauscio.
295 3171 423 3237 Terent.
451 3171 566 3236 Heaut.
596 3169 651 3243 IV,
676 3176 710 3250 3,
742 3173 795 3234 38;
823 3172 906 3249 Quid
931 3174 1039 3231 malum
1067 3188 1113 3228 me
1145 3175 1274 3229 aetatem

116 3289 223 3332 censes
252 3273 330 3334 veile
357 3273 387 3331 id
416 3268 647 3332 adsimularier‘?
691 3267 817 3332 Phorm.
837 3267 884 3346 II,
908 3271 942 3338 2,
968 3273 1015 3332 15.
1044 3269 1075 3344 3,
1101 3268 1132 3329 1:
1156 3269 1284 3327 muca-

115 3375 207 3444 chm
230 3371 387 3445 quoiquam
412 3370 654 3429 contumeliosius
677 3369 812 3428 Audistis
836 3367 945 3428 iactam
969 3368 1105 3426 iniuriam
1129 3363 1191 3426 -l
1237 3361 1274 3432 V,

118 3473 146 3542 1,
173 3470 226 3530 12:
250 3473 280 3527 et
303 3485 399 3528 meum
422 3485 528 3527 nomen
551 3464 726 3541 nominati,
756 3463 811 3527 ubi
838 3466 904 3538 quis
927 3481 965 3527 ex
988 3479 1180 3542 praegressa
1202 3477 1283 3524 ora--

116 3565 204 3630 tione
233 3569 340 3628 mente
373 3561 551 3627 addendum
581 3567 638 3626 est.
686 3561 743 3625 Ad.
772 3559 836 3640 IIl,
868 3566 901 3638 2,
926 3565 982 3625 28:
1012 3563 1178 3623 Aeschinus
1199 3557 1272 3622 ·SO.

114 3664 197 3741 Quid
224 3667 250 3726 is
280 3663 373 3740 ergo?
417 3660 486 3728 Gli.
516 3662 631 3722 alienus
660 3671 706 3722 est
734 3662 770 3721 ab
792 3667 896 3720 nostra
930 3661 1050 3724 familia.
1098 3657 1157 3723 SO.
1187 3661 1271 3737 Hem,

114 3763 204 3824 Perii.
238 3779 298 3837 quo
333 3761 386 3824 re?
437 3759 486 3823 De
519 3775 596 3824 voce
629 3757 858 3837 interrogativa
890 3759 965 3832 quta
1002 3756 1075 3820 vide
1107 3756 1138 3819 in
1174 3754 1273 3834 parti·

116 3857 207 3925 culis.
889 3883 892 3891 ·

207 3961 252 4022 18.
299 3954 362 4020 Sed
385 3956 520 4034 possunt
541 3952 811 4034 interrogationes
834 3953 930 4017 etiam
953 3950 1090 4032 proferri
1113 3968 1170 4030 per
1192 3968 1266 4030 par·

114 4055 231 4120 ticulas
246 4053 504 4133 interrogativas,
527 4069 607 4132 quas
623 4068 706 4115 nune
722 4050 872 4130 deinceps
888 4049 1106 4114 tractabimus.
1137 4047 1271 4111 initium

112 4151 171 4218 liat
198 4173 218 4217 a
244 4172 294 4231 ne,
326 4153 409 4230 quod
434 4155 522 4214 recte
551 4145 733 4230 appellatur
763 4148 803 4212 ah
819 4147 952 4211 ‘Handio
975 4147 1068 4210 Turs.
1091 4143 1147 4222 IV,
1172 4163 1202 4223 p.
1227 4149 1277 4210 73..
