<?xml version="1.0" encoding="UTF-8"?>
<!DOCTYPE html PUBLIC "-//W3C//DTD XHTML 1.0 Transitional//EN"
    "http://www.w3.org/TR/xhtml1/DTD/xhtml1-transitional.dtd">
<html xmlns="http://www.w3.org/1999/xhtml" xml:lang="en" lang="en">
 <head>
  <title>
</title>
<meta http-equiv="Content-Type" content="text/html;charset=utf-8" />
  <meta name='ocr-system' content='tesseract 3.04.00' />
  <meta name='ocr-capabilities' content='ocr_page ocr_carea ocr_par ocr_line ocrx_word'/>
</head>
<body>
  <div class='ocr_page' id='page_1' title='image "./syntaxispriscor02holtgoog_0183.png"; bbox 0 0 3076 4762; ppageno 0'>
   <div class='ocr_carea' id='block_1_1' title="bbox 240 149 986 221">
    <p class='ocr_par' dir='ltr' id='par_1_1' title="bbox 240 149 986 221">
     <span class='ocr_line' id='line_1_1' title="bbox 240 149 986 221; baseline -0.046 1"><span class='ocrx_word' id='word_1_1' title='bbox 240 161 299 221; x_wconf 82' lang='grc'>164</span> <span class='ocrx_word' id='word_1_2' title='bbox 669 149 805 190; x_wconf 81' lang='lat' dir='ltr'>vuueuu.</span> <span class='ocrx_word' id='word_1_3' title='bbox 821 168 843 176; x_wconf 94' lang='lat'><em>-</em></span> <span class='ocrx_word' id='word_1_4' title='bbox 861 149 923 190; x_wconf 76' lang='lat' dir='ltr'>our.</span> <span class='ocrx_word' id='word_1_5' title='bbox 937 149 986 188; x_wconf 86' lang='lat' dir='ltr'>xu.</span> 
     </span>
    </p>
   </div>
   <div class='ocr_carea' id='block_1_2' title="bbox 236 332 1396 515">
    <p class='ocr_par' dir='ltr' id='par_1_2' title="bbox 236 332 1396 515">
     <span class='ocr_line' id='line_1_2' title="bbox 236 332 1396 420; baseline -0.009 -15"><span class='ocrx_word' id='word_1_6' title='bbox 236 347 318 406; x_wconf 78' lang='lat' dir='ltr'>nurci</span> <span class='ocrx_word' id='word_1_7' title='bbox 341 344 546 420; x_wconf 68' lang='lat' dir='ltr'>perhibentur,</span> <span class='ocrx_word' id='word_1_8' title='bbox 573 343 613 403; x_wconf 77' lang='lat' dir='ltr'>ut</span> <span class='ocrx_word' id='word_1_9' title='bbox 635 343 729 402; x_wconf 81' lang='lat' dir='ltr'><strong>istaec</strong></span> <span class='ocrx_word' id='word_1_10' title='bbox 753 341 847 413; x_wconf 72' lang='lat' dir='ltr'>sceiot</span> <span class='ocrx_word' id='word_1_11' title='bbox 868 340 946 415; x_wconf 87' lang='lat' dir='ltr'>quod</span> <span class='ocrx_word' id='word_1_12' title='bbox 971 345 1003 398; x_wconf 87' lang='lat' dir='ltr'>tu</span> <span class='ocrx_word' id='word_1_13' title='bbox 1030 338 1146 398; x_wconf 85' lang='lat' dir='ltr'>metuis.</span> <span class='ocrx_word' id='word_1_14' title='bbox 1193 333 1284 398; x_wconf 88' lang='lat' dir='ltr'>Truc.</span> <span class='ocrx_word' id='word_1_15' title='bbox 1309 332 1348 413; x_wconf 88' lang='lat' dir='ltr'>V,</span> <span class='ocrx_word' id='word_1_16' title='bbox 1369 352 1396 396; x_wconf 90' lang='lat' dir='ltr'>v.</span> 
     </span>
     <span class='ocr_line' id='line_1_3' title="bbox 236 429 1394 515; baseline -0.01 -10"><span class='ocrx_word' id='word_1_17' title='bbox 236 446 292 505; x_wconf 79' lang='lat'>27:</span> <span class='ocrx_word' id='word_1_18' title='bbox 318 439 492 515; x_wconf 80' lang='lat' dir='ltr'>Quomodo?</span> <span class='ocrx_word' id='word_1_19' title='bbox 513 437 580 502; x_wconf 88' lang='lat' dir='ltr'>PH.</span> <span class='ocrx_word' id='word_1_20' title='bbox 604 441 667 500; x_wconf 89' lang='lat' dir='ltr'>Hoc</span> <span class='ocrx_word' id='word_1_21' title='bbox 691 439 787 512; x_wconf 84' lang='lat' dir='ltr'>modo,</span> <span class='ocrx_word' id='word_1_22' title='bbox 810 441 845 498; x_wconf 78' lang='lat' dir='ltr'>ut</span> <span class='ocrx_word' id='word_1_23' title='bbox 866 439 1010 498; x_wconf 85' lang='lat' dir='ltr'>molestus</span> <span class='ocrx_word' id='word_1_24' title='bbox 1034 452 1071 496; x_wconf 91' lang='lat' dir='ltr'>ne</span> <span class='ocrx_word' id='word_1_25' title='bbox 1093 435 1144 512; x_wconf 80' lang='lat' dir='ltr'>eie,</span> <span class='ocrx_word' id='word_1_26' title='bbox 1168 429 1224 498; x_wconf 90' lang='lat' dir='ltr'>ubi</span> <span class='ocrx_word' id='word_1_27' title='bbox 1245 438 1281 492; x_wconf 79' lang='lat' dir='ltr'>ut</span> <span class='ocrx_word' id='word_1_28' title='bbox 1303 429 1394 495; x_wconf 87' lang='lat' dir='ltr'>simul</span> 
     </span>
    </p>
   </div>
   <div class='ocr_carea' id='block_1_3' title="bbox 236 527 1516 618">
    <p class='ocr_par' dir='ltr' id='par_1_3' title="bbox 236 527 1516 618">
     <span class='ocr_line' id='line_1_4' title="bbox 236 527 1516 618; baseline -0.008 -17"><span class='ocrx_word' id='word_1_29' title='bbox 236 535 402 602; x_wconf 88' lang='lat' dir='ltr'>consilium</span> <span class='ocrx_word' id='word_1_30' title='bbox 427 533 639 618; x_wconf 71' lang='lat' dir='ltr'>exprimitis</span> <span class='ocrx_word' id='word_1_31' title='bbox 665 530 725 614; x_wconf 64' lang='lat' dir='ltr'>bob</span> <span class='ocrx_word' id='word_1_32' title='bbox 750 531 956 616; x_wconf 71' lang='lat' dir='ltr'>iclptnlniclpo,</span> <span class='ocrx_word' id='word_1_33' title='bbox 988 527 1047 612; x_wconf 75' lang='lat' dir='ltr'>uuo</span> <span class='ocrx_word' id='word_1_34' title='bbox 1076 529 1117 596; x_wconf 81' lang='lat' dir='ltr'>bu</span> <span class='ocrx_word' id='word_1_35' title='bbox 1147 534 1221 596; x_wconf 89' lang='lat' dir='ltr'>cett.</span> <span class='ocrx_word' id='word_1_36' title='bbox 1252 527 1396 610; x_wconf 81' lang='lat' dir='ltr'>Aquilius</span> <span class='ocrx_word' id='word_1_37' title='bbox 1515 541 1516 578; x_wconf 73' lang='grc' dir='ltr'>ι</span> 
     </span>
    </p>
   </div>
   <div class='ocr_carea' id='block_1_4' title="bbox 233 631 1395 1396">
    <p class='ocr_par' dir='ltr' id='par_1_4' title="bbox 233 631 1395 1396">
     <span class='ocr_line' id='line_1_5' title="bbox 240 631 1395 713; baseline -0.008 -14"><span class='ocrx_word' id='word_1_38' title='bbox 240 633 376 699; x_wconf 82' lang='lat' dir='ltr'>Boeotia</span> <span class='ocrx_word' id='word_1_39' title='bbox 403 631 441 696; x_wconf 87' lang='lat' dir='ltr'>fr.</span> <span class='ocrx_word' id='word_1_40' title='bbox 469 637 495 713; x_wconf 89' lang='lat'>1,</span> <span class='ocrx_word' id='word_1_41' title='bbox 523 653 552 698; x_wconf 91' lang='lat' dir='ltr'>v.</span> <span class='ocrx_word' id='word_1_42' title='bbox 582 638 615 698; x_wconf 88' lang='lat'>9:</span> <span class='ocrx_word' id='word_1_43' title='bbox 649 638 753 711; x_wconf 80' lang='lat' dir='ltr'>Itaque</span> <span class='ocrx_word' id='word_1_44' title='bbox 784 636 858 696; x_wconf 81' lang='lat' dir='ltr'>odeo</span> <span class='ocrx_word' id='word_1_45' title='bbox 885 636 944 695; x_wconf 86' lang='lat' dir='ltr'>iem</span> <span class='ocrx_word' id='word_1_46' title='bbox 977 635 1132 710; x_wconf 86' lang='lat' dir='ltr'>oppletum</span> <span class='ocrx_word' id='word_1_47' title='bbox 1155 631 1329 706; x_wconf 90' lang='lat' dir='ltr'>oppidnmst</span> <span class='ocrx_word' id='word_1_48' title='bbox 1350 647 1395 690; x_wconf 88' lang='lat' dir='ltr'>so·</span> 
     </span>
     <span class='ocr_line' id='line_1_6' title="bbox 238 723 1395 810; baseline -0.003 -17"><span class='ocrx_word' id='word_1_49' title='bbox 238 735 331 808; x_wconf 75' lang='lat' dir='ltr'>lueriis,</span> <span class='ocrx_word' id='word_1_50' title='bbox 360 735 457 793; x_wconf 83' lang='lat' dir='ltr'>Maior</span> <span class='ocrx_word' id='word_1_51' title='bbox 487 751 558 808; x_wconf 78' lang='lat' dir='ltr'>pers</span> <span class='ocrx_word' id='word_1_52' title='bbox 586 732 691 810; x_wconf 88' lang='lat' dir='ltr'>populi</span> <span class='ocrx_word' id='word_1_53' title='bbox 717 738 752 794; x_wconf 79' lang='lat' dir='ltr'>ut</span> <span class='ocrx_word' id='word_1_54' title='bbox 774 733 851 806; x_wconf 80' lang='lat' dir='ltr'>eridi</span> <span class='ocrx_word' id='word_1_55' title='bbox 887 736 1004 807; x_wconf 78' lang='lat' dir='ltr'>reptent</span> <span class='ocrx_word' id='word_1_56' title='bbox 1037 731 1124 792; x_wconf 76' lang='lat' dir='ltr'>lemo-</span> <span class='ocrx_word' id='word_1_57' title='bbox 1164 724 1280 791; x_wconf 81' lang='lat' dir='ltr'>Caecil.</span> <span class='ocrx_word' id='word_1_58' title='bbox 1319 723 1395 790; x_wconf 83' lang='lat' dir='ltr'>Suet.</span> 
     </span>
     <span class='ocr_line' id='line_1_7' title="bbox 237 826 1394 910; baseline -0.003 -18"><span class='ocrx_word' id='word_1_59' title='bbox 237 828 380 894; x_wconf 89' lang='lat' dir='ltr'>Plocium</span> <span class='ocrx_word' id='word_1_60' title='bbox 403 828 439 892; x_wconf 81' lang='lat' dir='ltr'>ir.</span> <span class='ocrx_word' id='word_1_61' title='bbox 467 834 494 910; x_wconf 94' lang='lat'>1,</span> <span class='ocrx_word' id='word_1_62' title='bbox 518 847 546 892; x_wconf 88' lang='lat' dir='ltr'>v.</span> <span class='ocrx_word' id='word_1_63' title='bbox 572 833 633 893; x_wconf 72' lang='lat'>144</span> <span class='ocrx_word' id='word_1_64' title='bbox 656 845 716 910; x_wconf 87' lang='lat' dir='ltr'>sq.:</span> <span class='ocrx_word' id='word_1_65' title='bbox 741 831 902 892; x_wconf 67' lang='lat' dir='ltr'>Ferreolo</span> <span class='ocrx_word' id='word_1_66' title='bbox 924 849 971 891; x_wconf 91' lang='lat' dir='ltr'>me</span> <span class='ocrx_word' id='word_1_67' title='bbox 994 848 1068 892; x_wconf 88' lang='lat' dir='ltr'>uxor</span> <span class='ocrx_word' id='word_1_68' title='bbox 1091 838 1122 892; x_wconf 87' lang='lat' dir='ltr'>et</span> <span class='ocrx_word' id='word_1_69' title='bbox 1144 829 1241 891; x_wconf 85' lang='lat' dir='ltr'>forme</span> <span class='ocrx_word' id='word_1_70' title='bbox 1257 835 1287 890; x_wconf 91' lang='lat' dir='ltr'>et</span> <span class='ocrx_word' id='word_1_71' title='bbox 1309 826 1394 889; x_wconf 84' lang='lat' dir='ltr'>fectis</span> 
     </span>
     <span class='ocr_line' id='line_1_8' title="bbox 233 923 1392 1003; baseline -0.001 -16"><span class='ocrx_word' id='word_1_72' title='bbox 233 929 307 990; x_wconf 85' lang='lat' dir='ltr'>fucit</span> <span class='ocrx_word' id='word_1_73' title='bbox 331 929 372 990; x_wconf 79' lang='lat' dir='ltr'>Ut</span> <span class='ocrx_word' id='word_1_74' title='bbox 393 931 418 988; x_wconf 90' lang='lat' dir='ltr'>si</span> <span class='ocrx_word' id='word_1_75' title='bbox 442 934 566 1002; x_wconf 81' lang='lat' dir='ltr'>taceam,</span> <span class='ocrx_word' id='word_1_76' title='bbox 591 935 690 990; x_wconf 84' lang='lat' dir='ltr'>temen</span> <span class='ocrx_word' id='word_1_77' title='bbox 713 929 857 989; x_wconf 87' lang='lat' dir='ltr'>indicium</span> <span class='ocrx_word' id='word_1_78' title='bbox 879 929 944 990; x_wconf 81' lang='lat' dir='ltr'>sim.</span> <span class='ocrx_word' id='word_1_79' title='bbox 970 926 1098 992; x_wconf 79' lang='lat' dir='ltr'>Terent.</span> <span class='ocrx_word' id='word_1_80' title='bbox 1124 925 1204 993; x_wconf 84' lang='lat' dir='ltr'>Eun.</span> <span class='ocrx_word' id='word_1_81' title='bbox 1233 923 1271 996; x_wconf 74' lang='lat' dir='ltr'>V,</span> <span class='ocrx_word' id='word_1_82' title='bbox 1302 929 1331 1003; x_wconf 85' lang='grc'>2,</span> <span class='ocrx_word' id='word_1_83' title='bbox 1359 927 1392 986; x_wconf 82' lang='grc'>2;</span> 
     </span>
     <span class='ocr_line' id='line_1_9' title="bbox 234 1023 1393 1103; baseline -0.004 -15"><span class='ocrx_word' id='word_1_84' title='bbox 234 1031 269 1088; x_wconf 83' lang='lat' dir='ltr'>ut</span> <span class='ocrx_word' id='word_1_85' title='bbox 291 1027 372 1088; x_wconf 91' lang='lat' dir='ltr'>nullo</span> <span class='ocrx_word' id='word_1_86' title='bbox 396 1026 481 1086; x_wconf 90' lang='lat' dir='ltr'>modo</span> <span class='ocrx_word' id='word_1_87' title='bbox 505 1027 588 1085; x_wconf 86' lang='lat' dir='ltr'>Intro</span> <span class='ocrx_word' id='word_1_88' title='bbox 612 1029 655 1086; x_wconf 85' lang='lat' dir='ltr'>ire</span> <span class='ocrx_word' id='word_1_89' title='bbox 673 1031 800 1100; x_wconf 80' lang='lat' dir='ltr'>possem.</span> <span class='ocrx_word' id='word_1_90' title='bbox 847 1024 962 1090; x_wconf 83' lang='lat' dir='ltr'>Heaut.</span> <span class='ocrx_word' id='word_1_91' title='bbox 987 1023 1045 1096; x_wconf 87' lang='grc' dir='ltr'><strong>ΙΙΙ,</strong></span> <span class='ocrx_word' id='word_1_92' title='bbox 1072 1029 1098 1103; x_wconf 94' lang='grc' dir='ltr'>Ι,</span> <span class='ocrx_word' id='word_1_93' title='bbox 1122 1029 1177 1090; x_wconf 88' lang='lat'>95:</span> <span class='ocrx_word' id='word_1_94' title='bbox 1200 1026 1254 1084; x_wconf 84' lang='lat' dir='ltr'>Itu</span> <span class='ocrx_word' id='word_1_95' title='bbox 1276 1041 1393 1099; x_wconf 85' lang='lat' dir='ltr'>compe-</span> 
     </span>
     <span class='ocr_line' id='line_1_10' title="bbox 234 1122 1395 1192; baseline -0.001 -9"><span class='ocrx_word' id='word_1_96' title='bbox 234 1131 329 1184; x_wconf 81' lang='lat' dir='ltr'>retom</span> <span class='ocrx_word' id='word_1_97' title='bbox 358 1141 424 1184; x_wconf 86' lang='lat' dir='ltr'>esse</span> <span class='ocrx_word' id='word_1_98' title='bbox 456 1125 605 1183; x_wconf 91' lang='lat' dir='ltr'>hominum</span> <span class='ocrx_word' id='word_1_99' title='bbox 633 1129 768 1184; x_wconf 80' lang='lat' dir='ltr'>naturam</span> <span class='ocrx_word' id='word_1_100' title='bbox 803 1155 857 1192; x_wconf 85' lang='lat'>-·‚</span> <span class='ocrx_word' id='word_1_101' title='bbox 888 1125 996 1184; x_wconf 83' lang='lat' dir='ltr'>Alione</span> <span class='ocrx_word' id='word_1_102' title='bbox 1025 1128 1060 1186; x_wconf 79' lang='lat' dir='ltr'>ut</span> <span class='ocrx_word' id='word_1_103' title='bbox 1088 1125 1193 1185; x_wconf 88' lang='lat' dir='ltr'>melius</span> <span class='ocrx_word' id='word_1_104' title='bbox 1224 1122 1344 1182; x_wconf 75' lang='lat' dir='ltr'>videam</span> <span class='ocrx_word' id='word_1_105' title='bbox 1365 1127 1395 1182; x_wconf 89' lang='lat' dir='ltr'>ot</span> 
     </span>
     <span class='ocr_line' id='line_1_11' title="bbox 235 1219 1395 1300; baseline 0.001 -21"><span class='ocrx_word' id='word_1_106' title='bbox 235 1221 397 1282; x_wconf 78' lang='lat' dir='ltr'>diiudicent</span> <span class='ocrx_word' id='word_1_107' title='bbox 420 1223 514 1294; x_wconf 81' lang='lat' dir='ltr'>Quem</span> <span class='ocrx_word' id='word_1_108' title='bbox 537 1221 609 1282; x_wconf 79' lang='lat' dir='ltr'>sue?</span> <span class='ocrx_word' id='word_1_109' title='bbox 631 1219 708 1286; x_wconf 83' lang='lat' dir='ltr'>Hoc.</span> <span class='ocrx_word' id='word_1_110' title='bbox 730 1219 810 1300; x_wconf 89' lang='lat' dir='ltr'>prol.</span> <span class='ocrx_word' id='word_1_111' title='bbox 835 1237 861 1282; x_wconf 90' lang='lat' dir='ltr'>v.</span> <span class='ocrx_word' id='word_1_112' title='bbox 880 1224 916 1284; x_wconf 90' lang='lat'>3:</span> <span class='ocrx_word' id='word_1_113' title='bbox 942 1239 1046 1283; x_wconf 91' lang='lat' dir='ltr'>novom</span> <span class='ocrx_word' id='word_1_114' title='bbox 1062 1223 1225 1282; x_wconf 87' lang='lat' dir='ltr'>intervenit</span> <span class='ocrx_word' id='word_1_115' title='bbox 1241 1223 1343 1282; x_wconf 87' lang='lat' dir='ltr'>vitium</span> <span class='ocrx_word' id='word_1_116' title='bbox 1365 1225 1395 1281; x_wconf 91' lang='lat' dir='ltr'>ot</span> 
     </span>
     <span class='ocr_line' id='line_1_12' title="bbox 236 1318 1193 1396; baseline -0.005 -17"><span class='ocrx_word' id='word_1_117' title='bbox 236 1321 400 1393; x_wconf 81' lang='lat' dir='ltr'>columitas,</span> <span class='ocrx_word' id='word_1_118' title='bbox 425 1321 465 1380; x_wconf 83' lang='lat' dir='ltr'>Ut</span> <span class='ocrx_word' id='word_1_119' title='bbox 486 1336 581 1394; x_wconf 84' lang='lat' dir='ltr'>neque</span> <span class='ocrx_word' id='word_1_120' title='bbox 604 1322 736 1393; x_wconf 75' lang='lat' dir='ltr'>spectari</span> <span class='ocrx_word' id='word_1_121' title='bbox 759 1337 855 1396; x_wconf 89' lang='lat' dir='ltr'>noque</span> <span class='ocrx_word' id='word_1_122' title='bbox 879 1321 1018 1394; x_wconf 79' lang='lat' dir='ltr'><strong>cognosci</strong></span> <span class='ocrx_word' id='word_1_123' title='bbox 1035 1318 1193 1393; x_wconf 66' lang='lat' dir='ltr'>poteret</span> 
     </span>
    </p>
   </div>
   <div class='ocr_carea' id='block_1_5' title="bbox 323 1411 1516 1494">
    <p class='ocr_par' dir='ltr' id='par_1_5' title="bbox 323 1411 1516 1494">
     <span class='ocr_line' id='line_1_13' title="bbox 323 1411 1516 1494; baseline 0.003 -20"><span class='ocrx_word' id='word_1_124' title='bbox 323 1414 345 1487; x_wconf 83' lang='lat' dir='ltr'>i)</span> <span class='ocrx_word' id='word_1_125' title='bbox 391 1411 637 1494; x_wconf 78' lang='lat' dir='ltr'>Coniunguntur</span> <span class='ocrx_word' id='word_1_126' title='bbox 659 1420 694 1477; x_wconf 83' lang='lat' dir='ltr'>ut</span> <span class='ocrx_word' id='word_1_127' title='bbox 714 1418 748 1478; x_wconf 90' lang='lat' dir='ltr'>et</span> <span class='ocrx_word' id='word_1_128' title='bbox 768 1434 805 1478; x_wconf 81' lang='lat' dir='ltr'>nc</span> <span class='ocrx_word' id='word_1_129' title='bbox 827 1411 1058 1494; x_wconf 80' lang='lat' dir='ltr'>significatione</span> <span class='ocrx_word' id='word_1_130' title='bbox 1080 1413 1176 1494; x_wconf 82' lang='lat' dir='ltr'>finali,</span> <span class='ocrx_word' id='word_1_131' title='bbox 1200 1413 1251 1480; x_wconf 94' lang='lat' dir='ltr'>cui</span> <span class='ocrx_word' id='word_1_132' title='bbox 1281 1416 1389 1478; x_wconf 89' lang='lat' dir='ltr'>temen</span> <span class='ocrx_word' id='word_1_133' title='bbox 1515 1453 1516 1460; x_wconf 26' lang='grc' dir='ltr'>ι</span> 
     </span>
    </p>
   </div>
   <div class='ocr_carea' id='block_1_6' title="bbox 232 1509 1394 2175">
    <p class='ocr_par' dir='ltr' id='par_1_6' title="bbox 232 1509 1394 2175">
     <span class='ocr_line' id='line_1_14' title="bbox 237 1509 1394 1591; baseline -0.003 -14"><span class='ocrx_word' id='word_1_134' title='bbox 237 1528 463 1591; x_wconf 83' lang='lat' dir='ltr'>nonnunquam</span> <span class='ocrx_word' id='word_1_135' title='bbox 485 1511 585 1577; x_wconf 82' lang='lat' dir='ltr'>etiam.</span> <span class='ocrx_word' id='word_1_136' title='bbox 604 1511 808 1576; x_wconf 85' lang='lat' dir='ltr'>consecutivo</span> <span class='ocrx_word' id='word_1_137' title='bbox 829 1511 979 1576; x_wconf 82' lang='lat' dir='ltr'>admixte&#39;</span> <span class='ocrx_word' id='word_1_138' title='bbox 993 1517 1052 1578; x_wconf 86' lang='lat' dir='ltr'>est.</span> <span class='ocrx_word' id='word_1_139' title='bbox 1098 1513 1197 1578; x_wconf 81' lang='lat' dir='ltr'>Recte</span> <span class='ocrx_word' id='word_1_140' title='bbox 1216 1514 1324 1577; x_wconf 88' lang='lat' dir='ltr'>eutem</span> <span class='ocrx_word' id='word_1_141' title='bbox 1339 1509 1394 1575; x_wconf 89' lang='lat' dir='ltr'>do·</span> 
     </span>
     <span class='ocr_line' id='line_1_15' title="bbox 235 1608 1392 1690; baseline 0.002 -16"><span class='ocrx_word' id='word_1_142' title='bbox 235 1611 303 1674; x_wconf 90' lang='lat' dir='ltr'>cuit</span> <span class='ocrx_word' id='word_1_143' title='bbox 331 1609 475 1673; x_wconf 86' lang='lat' dir='ltr'>Hundius</span> <span class='ocrx_word' id='word_1_144' title='bbox 500 1609 532 1673; x_wconf 93' lang='lat' dir='ltr'>in</span> <span class='ocrx_word' id='word_1_145' title='bbox 562 1609 698 1674; x_wconf 88' lang='lat' dir='ltr'>Tursell.</span> <span class='ocrx_word' id='word_1_146' title='bbox 726 1608 781 1689; x_wconf 91' lang='lat' dir='ltr'>IV,</span> <span class='ocrx_word' id='word_1_147' title='bbox 809 1627 839 1690; x_wconf 89' lang='lat' dir='ltr'>p.</span> <span class='ocrx_word' id='word_1_148' title='bbox 871 1613 921 1689; x_wconf 85' lang='lat'>32,</span> <span class='ocrx_word' id='word_1_149' title='bbox 944 1610 1036 1675; x_wconf 78' lang='lat' dir='ltr'>nc&#39;in</span> <span class='ocrx_word' id='word_1_150' title='bbox 1058 1610 1108 1675; x_wconf 88' lang='lat' dir='ltr'>his</span> <span class='ocrx_word' id='word_1_151' title='bbox 1130 1627 1193 1673; x_wconf 93' lang='lat' dir='ltr'>non</span> <span class='ocrx_word' id='word_1_152' title='bbox 1215 1625 1287 1674; x_wconf 87' lang='lat' dir='ltr'>esse</span> <span class='ocrx_word' id='word_1_153' title='bbox 1320 1625 1392 1676; x_wconf 90' lang='lat' dir='ltr'>cou-</span> 
     </span>
     <span class='ocr_line' id='line_1_16' title="bbox 233 1705 1390 1786; baseline 0.001 -15"><span class='ocrx_word' id='word_1_154' title='bbox 233 1708 437 1786; x_wconf 76' lang='lat' dir='ltr'>iuuotionem</span> <span class='ocrx_word' id='word_1_155' title='bbox 458 1706 513 1772; x_wconf 90' lang='lat' dir='ltr'>sed</span> <span class='ocrx_word' id='word_1_156' title='bbox 535 1706 700 1786; x_wconf 80' lang='lat' dir='ltr'>antiquum</span> <span class='ocrx_word' id='word_1_157' title='bbox 721 1706 919 1786; x_wconf 80' lang='lat' dir='ltr'>adverbium,</span> <span class='ocrx_word' id='word_1_158' title='bbox 941 1707 1026 1786; x_wconf 86' lang='lat' dir='ltr'>quod</span> <span class='ocrx_word' id='word_1_159' title='bbox 1049 1706 1161 1773; x_wconf 84' lang='lat' dir='ltr'>maiori</span> <span class='ocrx_word' id='word_1_160' title='bbox 1184 1723 1255 1772; x_wconf 89' lang='lat' dir='ltr'>cum</span> <span class='ocrx_word' id='word_1_161' title='bbox 1277 1705 1309 1770; x_wconf 87' lang='lat' dir='ltr'>vi</span> <span class='ocrx_word' id='word_1_162' title='bbox 1333 1723 1390 1785; x_wconf 89' lang='lat' dir='ltr'>pro</span> 
     </span>
     <span class='ocr_line' id='line_1_17' title="bbox 234 1800 1391 1885; baseline 0.002 -19"><span class='ocrx_word' id='word_1_163' title='bbox 234 1804 441 1870; x_wconf 76' lang='lat' dir='ltr'>condicitur.</span> <span class='ocrx_word' id='word_1_164' title='bbox 487 1803 640 1884; x_wconf 83' lang='lat' dir='ltr'>Exempla</span> <span class='ocrx_word' id='word_1_165' title='bbox 662 1804 723 1869; x_wconf 91' lang='lat' dir='ltr'>hnc</span> <span class='ocrx_word' id='word_1_166' title='bbox 746 1800 939 1884; x_wconf 80' lang='lat' dir='ltr'>pertinentia</span> <span class='ocrx_word' id='word_1_167' title='bbox 962 1805 1126 1885; x_wconf 86' lang='lat' dir='ltr'>complura</span> <span class='ocrx_word' id='word_1_168' title='bbox 1147 1803 1210 1867; x_wconf 85' lang='lat' dir='ltr'>iem</span> <span class='ocrx_word' id='word_1_169' title='bbox 1238 1802 1271 1866; x_wconf 92' lang='lat' dir='ltr'>in</span> <span class='ocrx_word' id='word_1_170' title='bbox 1301 1808 1391 1868; x_wconf 85' lang='lat' dir='ltr'>antc-</span> 
     </span>
     <span class='ocr_line' id='line_1_18' title="bbox 232 1899 1390 1978; baseline 0.002 -12"><span class='ocrx_word' id='word_1_171' title='bbox 232 1902 417 1967; x_wconf 85' lang='lat' dir='ltr'>cedentibus</span> <span class='ocrx_word' id='word_1_172' title='bbox 439 1901 538 1967; x_wconf 83' lang='lat' dir='ltr'>allato</span> <span class='ocrx_word' id='word_1_173' title='bbox 561 1907 643 1966; x_wconf 90' lang='lat' dir='ltr'>sunt.</span> <span class='ocrx_word' id='word_1_174' title='bbox 690 1899 768 1968; x_wconf 86' lang='lat' dir='ltr'>Ceto</span> <span class='ocrx_word' id='word_1_175' title='bbox 792 1900 828 1966; x_wconf 85' lang='lat' dir='ltr'>R.</span> <span class='ocrx_word' id='word_1_176' title='bbox 853 1901 890 1966; x_wconf 88' lang='lat' dir='ltr'>R.</span> <span class='ocrx_word' id='word_1_177' title='bbox 913 1919 940 1968; x_wconf 88' lang='lat' dir='ltr'>c.</span> <span class='ocrx_word' id='word_1_178' title='bbox 968 1908 1000 1965; x_wconf 88' lang='lat'>1:</span> <span class='ocrx_word' id='word_1_179' title='bbox 1025 1906 1121 1966; x_wconf 87' lang='lat' dir='ltr'>sicin</span> <span class='ocrx_word' id='word_1_180' title='bbox 1149 1906 1246 1964; x_wconf 84' lang='lat' dir='ltr'>enimc</span> <span class='ocrx_word' id='word_1_181' title='bbox 1270 1904 1390 1978; x_wconf 85' lang='lat' dir='ltr'>hebeto,</span> 
     </span>
     <span class='ocr_line' id='line_1_19' title="bbox 232 1985 1386 2080; baseline 0.003 -19"><span class='ocrx_word' id='word_1_182' title='bbox 232 2003 280 2061; x_wconf 80' lang='lat' dir='ltr'>uti</span> <span class='ocrx_word' id='word_1_183' title='bbox 307 1985 345 2061; x_wconf 76' lang='lat' dir='ltr'>ree</span> <span class='ocrx_word' id='word_1_184' title='bbox 372 2002 477 2078; x_wconf 86' lang='lat' dir='ltr'>cupide</span> <span class='ocrx_word' id='word_1_185' title='bbox 506 2019 595 2080; x_wconf 78' lang='lat' dir='ltr'>emus,</span> <span class='ocrx_word' id='word_1_186' title='bbox 624 2019 695 2063; x_wconf 77' lang='lat' dir='ltr'>cccc</span> <span class='ocrx_word' id='word_1_187' title='bbox 725 2019 818 2078; x_wconf 84' lang='lat' dir='ltr'>opero</span> <span class='ocrx_word' id='word_1_188' title='bbox 847 2007 899 2062; x_wconf 81' lang='lat' dir='ltr'>tuo</span> <span class='ocrx_word' id='word_1_189' title='bbox 928 2018 1035 2078; x_wconf 81' lang='lat' dir='ltr'>porcos</span> <span class='ocrx_word' id='word_1_190' title='bbox 1063 2004 1170 2076; x_wconf 81' lang='lat' dir='ltr'>visere,</span> <span class='ocrx_word' id='word_1_191' title='bbox 1203 2003 1386 2064; x_wconf 80' lang='lat' dir='ltr'>eluceatis</span> 
     </span>
     <span class='ocr_line' id='line_1_20' title="bbox 232 2097 1389 2175; baseline 0.003 -16"><span class='ocrx_word' id='word_1_192' title='bbox 232 2099 343 2160; x_wconf 83' lang='lat' dir='ltr'>hubeos</span> <span class='ocrx_word' id='word_1_193' title='bbox 374 2103 466 2162; x_wconf 90' lang='lat' dir='ltr'>semel</span> <span class='ocrx_word' id='word_1_194' title='bbox 497 2103 662 2162; x_wconf 88' lang='lat' dir='ltr'>circumire.</span> <span class='ocrx_word' id='word_1_195' title='bbox 693 2097 725 2164; x_wconf 83' lang='lat' dir='ltr'>O·</span> <span class='ocrx_word' id='word_1_196' title='bbox 755 2103 811 2165; x_wconf 87' lang='lat'>33:</span> <span class='ocrx_word' id='word_1_197' title='bbox 841 2101 941 2162; x_wconf 82' lang='lat' dir='ltr'>Vitem</span> <span class='ocrx_word' id='word_1_198' title='bbox 969 2099 1044 2160; x_wconf 90' lang='lat' dir='ltr'>bene</span> <span class='ocrx_word' id='word_1_199' title='bbox 1074 2101 1231 2160; x_wconf 76' lang='lat' dir='ltr'>enodatam</span> <span class='ocrx_word' id='word_1_200' title='bbox 1255 2099 1389 2175; x_wconf 77' lang='lat' dir='ltr'>deligato</span> 
     </span>
    </p>
   </div>
   <div class='ocr_carea' id='block_1_7' title="bbox 226 2194 1516 2378">
    <p class='ocr_par' dir='ltr' id='par_1_7' title="bbox 226 2194 1516 2378">
     <span class='ocr_line' id='line_1_21' title="bbox 229 2194 1516 2288; baseline -0.003 -26"><span class='ocrx_word' id='word_1_201' title='bbox 229 2207 326 2278; x_wconf 88' lang='lat' dir='ltr'>recte,</span> <span class='ocrx_word' id='word_1_202' title='bbox 350 2197 483 2260; x_wconf 85' lang='lat' dir='ltr'>flexuose</span> <span class='ocrx_word' id='word_1_203' title='bbox 505 2201 552 2260; x_wconf 78' lang='lat' dir='ltr'>uti</span> <span class='ocrx_word' id='word_1_204' title='bbox 572 2215 608 2260; x_wconf 83' lang='lat' dir='ltr'>uc</span> <span class='ocrx_word' id='word_1_205' title='bbox 630 2201 698 2262; x_wconf 66' lang='lat' dir='ltr'>sicli</span> <span class='ocrx_word' id='word_1_206' title='bbox 718 2194 751 2261; x_wconf 83' lang='grc' dir='ltr'>Ο.</span> <span class='ocrx_word' id='word_1_207' title='bbox 775 2200 830 2262; x_wconf 84' lang='lat'>46:</span> <span class='ocrx_word' id='word_1_208' title='bbox 846 2206 886 2286; x_wconf 24' lang='lat' dir='ltr'>yet</span> <span class='ocrx_word' id='word_1_209' title='bbox 912 2198 1022 2288; x_wconf 74' lang='lat' dir='ltr'>oliuo</span> <span class='ocrx_word' id='word_1_210' title='bbox 1050 2201 1136 2260; x_wconf 91' lang='lat' dir='ltr'>nimis</span> <span class='ocrx_word' id='word_1_211' title='bbox 1159 2202 1245 2275; x_wconf 81' lang='lat' dir='ltr'>longe</span> <span class='ocrx_word' id='word_1_212' title='bbox 1276 2202 1391 2262; x_wconf 79' lang='lat' dir='ltr'>semiue</span> <span class='ocrx_word' id='word_1_213' title='bbox 1515 2255 1516 2258; x_wconf 74' lang='grc'>,</span> 
     </span>
     <span class='ocr_line' id='line_1_22' title="bbox 226 2291 1386 2378; baseline 0 -18"><span class='ocrx_word' id='word_1_214' title='bbox 226 2316 268 2360; x_wconf 79' lang='lat' dir='ltr'>er</span> <span class='ocrx_word' id='word_1_215' title='bbox 291 2299 450 2360; x_wconf 79' lang='lat' dir='ltr'>seminario</span> <span class='ocrx_word' id='word_1_216' title='bbox 472 2297 622 2376; x_wconf 78' lang='lat' dir='ltr'>feruutur,</span> <span class='ocrx_word' id='word_1_217' title='bbox 645 2295 701 2362; x_wconf 93' lang='lat' dir='ltr'>ubi</span> <span class='ocrx_word' id='word_1_218' title='bbox 729 2294 933 2360; x_wconf 83' lang='lat' dir='ltr'>consecutive</span> <span class='ocrx_word' id='word_1_219' title='bbox 963 2312 1033 2360; x_wconf 89' lang='lat' dir='ltr'>cum</span> <span class='ocrx_word' id='word_1_220' title='bbox 1058 2291 1146 2361; x_wconf 84' lang='lat' dir='ltr'>finali</span> <span class='ocrx_word' id='word_1_221' title='bbox 1167 2294 1386 2378; x_wconf 82' lang='lat' dir='ltr'>(prohibitiva)</span> 
     </span>
    </p>
   </div>
   <div class='ocr_carea' id='block_1_8' title="bbox 230 2391 1516 2478">
    <p class='ocr_par' dir='ltr' id='par_1_8' title="bbox 230 2391 1516 2478">
     <span class='ocr_line' id='line_1_23' title="bbox 230 2391 1516 2478; baseline 0.005 -19"><span class='ocrx_word' id='word_1_222' title='bbox 230 2391 459 2476; x_wconf 74' lang='lat' dir='ltr'>significatione</span> <span class='ocrx_word' id='word_1_223' title='bbox 483 2395 652 2462; x_wconf 85' lang='lat' dir='ltr'>coniuncto</span> <span class='ocrx_word' id='word_1_224' title='bbox 674 2399 734 2461; x_wconf 86' lang='lat' dir='ltr'>est.</span> <span class='ocrx_word' id='word_1_225' title='bbox 779 2395 872 2460; x_wconf 81' lang='lat' dir='ltr'>Ennii</span> <span class='ocrx_word' id='word_1_226' title='bbox 894 2395 1097 2473; x_wconf 74' lang='lat' dir='ltr'>Euhemerus</span> <span class='ocrx_word' id='word_1_227' title='bbox 1112 2415 1142 2478; x_wconf 90' lang='lat' dir='ltr'>p.</span> <span class='ocrx_word' id='word_1_228' title='bbox 1162 2402 1222 2464; x_wconf 82' lang='lat'>170</span> <span class='ocrx_word' id='word_1_229' title='bbox 1239 2398 1392 2466; x_wconf 79' lang='lat' dir='ltr'>Vahlen:</span> <span class='ocrx_word' id='word_1_230' title='bbox 1515 2399 1516 2410; x_wconf 76' lang='grc'>’</span> 
     </span>
    </p>
   </div>
   <div class='ocr_carea' id='block_1_9' title="bbox 228 2495 1415 2874">
    <p class='ocr_par' dir='ltr' id='par_1_9' title="bbox 228 2495 1415 2874">
     <span class='ocr_line' id='line_1_24' title="bbox 230 2495 1393 2576; baseline 0.005 -22"><span class='ocrx_word' id='word_1_231' title='bbox 230 2495 465 2570; x_wconf 77' lang='lat' dir='ltr'>utrquspecun</span> <span class='ocrx_word' id='word_1_232' title='bbox 489 2501 600 2558; x_wconf 89' lang='lat' dir='ltr'>est-</span> <span class='ocrx_word' id='word_1_233' title='bbox 621 2497 675 2564; x_wconf 60' lang='lat' dir='ltr'>cti&gt;</span> <span class='ocrx_word' id='word_1_234' title='bbox 699 2496 817 2576; x_wconf 81' lang='lat' dir='ltr'>siquid</span> <span class='ocrx_word' id='word_1_235' title='bbox 839 2496 965 2558; x_wconf 90' lang='lat' dir='ltr'>liberum</span> <span class='ocrx_word' id='word_1_236' title='bbox 990 2529 1028 2542; x_wconf 91' lang='lat'><em>-</em></span> <span class='ocrx_word' id='word_1_237' title='bbox 1054 2501 1082 2558; x_wconf 91' lang='lat' dir='ltr'>ei</span> <span class='ocrx_word' id='word_1_238' title='bbox 1105 2504 1207 2560; x_wconf 87' lang='lat' dir='ltr'>nutum</span> <span class='ocrx_word' id='word_1_239' title='bbox 1238 2508 1328 2574; x_wconf 86' lang='lat' dir='ltr'>esset,</span> <span class='ocrx_word' id='word_1_240' title='bbox 1355 2517 1393 2560; x_wconf 82' lang='lat' dir='ltr'>oe</span> 
     </span>
     <span class='ocr_line' id='line_1_25' title="bbox 232 2588 1415 2671; baseline 0.01 -21"><span class='ocrx_word' id='word_1_241' title='bbox 232 2591 376 2652; x_wconf 77' lang='lat' dir='ltr'>educeret.</span> <span class='ocrx_word' id='word_1_242' title='bbox 400 2588 504 2654; x_wconf 83' lang='lat' dir='ltr'>Pleut.</span> <span class='ocrx_word' id='word_1_243' title='bbox 527 2589 624 2655; x_wconf 88' lang='lat' dir='ltr'>Poen.</span> <span class='ocrx_word' id='word_1_244' title='bbox 647 2589 703 2671; x_wconf 79' lang='lat' dir='ltr'>tv,</span> <span class='ocrx_word' id='word_1_245' title='bbox 726 2594 755 2670; x_wconf 86' lang='lat'>2,</span> <span class='ocrx_word' id='word_1_246' title='bbox 779 2593 833 2656; x_wconf 85' lang='lat'>66:</span> <span class='ocrx_word' id='word_1_247' title='bbox 857 2599 890 2654; x_wconf 88' lang='lat' dir='ltr'>ut</span> <span class='ocrx_word' id='word_1_248' title='bbox 911 2596 1121 2657; x_wconf 83' lang='lat' dir='ltr'>noenunciet.</span> <span class='ocrx_word' id='word_1_249' title='bbox 1146 2594 1231 2659; x_wconf 87' lang='lat' dir='ltr'>Trin.</span> <span class='ocrx_word' id='word_1_250' title='bbox 1255 2615 1284 2660; x_wconf 87' lang='lat' dir='ltr'>v.</span> <span class='ocrx_word' id='word_1_251' title='bbox 1313 2601 1389 2662; x_wconf 88' lang='lat'><strong>143:</strong></span> <span class='ocrx_word' id='word_1_252' title='bbox 1413 2603 1415 2610; x_wconf 61' lang='lat'><strong>⁴</strong></span> 
     </span>
     <span class='ocr_line' id='line_1_26' title="bbox 229 2678 1391 2768; baseline 0.005 -19"><span class='ocrx_word' id='word_1_253' title='bbox 229 2689 312 2751; x_wconf 86' lang='lat' dir='ltr'>Novo</span> <span class='ocrx_word' id='word_1_254' title='bbox 342 2687 428 2749; x_wconf 87' lang='lat' dir='ltr'>modo</span> <span class='ocrx_word' id='word_1_255' title='bbox 457 2689 541 2767; x_wconf 86' lang='lat' dir='ltr'>adeo,</span> <span class='ocrx_word' id='word_1_256' title='bbox 572 2693 607 2750; x_wconf 79' lang='lat' dir='ltr'>ut</span> <span class='ocrx_word' id='word_1_257' title='bbox 634 2694 711 2768; x_wconf 89' lang='lat' dir='ltr'>quod</span> <span class='ocrx_word' id='word_1_258' title='bbox 739 2710 822 2754; x_wconf 83' lang='lat' dir='ltr'>meae</span> <span class='ocrx_word' id='word_1_259' title='bbox 851 2693 1086 2768; x_wconf 80' lang='lat' dir='ltr'>concreditumst</span> <span class='ocrx_word' id='word_1_260' title='bbox 1113 2697 1326 2758; x_wconf 76' lang='lat' dir='ltr'>Taciturnitsti</span> <span class='ocrx_word' id='word_1_261' title='bbox 1348 2678 1391 2739; x_wconf 52' lang='grc' dir='ltr'>ὲ</span> 
     </span>
     <span class='ocr_line' id='line_1_27' title="bbox 228 2784 1391 2874; baseline 0.01 -30"><span class='ocrx_word' id='word_1_262' title='bbox 228 2784 275 2845; x_wconf 88' lang='lat' dir='ltr'>Ne</span> <span class='ocrx_word' id='word_1_263' title='bbox 297 2786 486 2847; x_wconf 68' lang='lat' dir='ltr'>enumerent</span> <span class='ocrx_word' id='word_1_264' title='bbox 509 2788 665 2863; x_wconf 75' lang='lat' dir='ltr'>quoiquam</span> <span class='ocrx_word' id='word_1_265' title='bbox 687 2803 745 2852; x_wconf 80' lang='lat' dir='ltr'>ocu</span> <span class='ocrx_word' id='word_1_266' title='bbox 766 2790 894 2861; x_wconf 75' lang='lat' dir='ltr'>facerem</span> <span class='ocrx_word' id='word_1_267' title='bbox 924 2795 1032 2866; x_wconf 79' lang='lat' dir='ltr'>palem.</span> <span class='ocrx_word' id='word_1_268' title='bbox 1083 2789 1210 2856; x_wconf 80' lang='lat' dir='ltr'>Terent.</span> <span class='ocrx_word' id='word_1_269' title='bbox 1242 2791 1340 2856; x_wconf 88' lang='lat' dir='ltr'>Andr.</span> <span class='ocrx_word' id='word_1_270' title='bbox 1365 2793 1391 2874; x_wconf 91' lang='grc' dir='ltr'>Ι,</span> 
     </span>
    </p>
   </div>
   <div class='ocr_carea' id='block_1_10' title="bbox 223 2861 1516 3066">
    <p class='ocr_par' dir='ltr' id='par_1_10' title="bbox 223 2861 1516 3066">
     <span class='ocr_line' id='line_1_28' title="bbox 228 2861 1516 2968; baseline 0.01 -26"><span class='ocrx_word' id='word_1_271' title='bbox 228 2883 257 2961; x_wconf 89' lang='grc'>2,</span> <span class='ocrx_word' id='word_1_272' title='bbox 283 2885 332 2961; x_wconf 86' lang='lat' dir='ltr'>ll,</span> <span class='ocrx_word' id='word_1_273' title='bbox 355 2882 416 2957; x_wconf 69' lang='grc' dir='ltr'>(τε</span> <span class='ocrx_word' id='word_1_274' title='bbox 438 2899 465 2944; x_wconf 89' lang='lat' dir='ltr'>v.</span> <span class='ocrx_word' id='word_1_275' title='bbox 494 2886 549 2946; x_wconf 84' lang='lat'>181</span> <span class='ocrx_word' id='word_1_276' title='bbox 576 2882 794 2962; x_wconf 83' lang='lat' dir='ltr'>Fleckeisen).</span> <span class='ocrx_word' id='word_1_277' title='bbox 821 2886 910 2951; x_wconf 82' lang='lat' dir='ltr'>Adde</span> <span class='ocrx_word' id='word_1_278' title='bbox 939 2887 1018 2952; x_wconf 85' lang='lat' dir='ltr'>haec</span> <span class='ocrx_word' id='word_1_279' title='bbox 1048 2887 1202 2968; x_wconf 85' lang='lat' dir='ltr'>exempla,</span> <span class='ocrx_word' id='word_1_280' title='bbox 1231 2905 1314 2967; x_wconf 82' lang='lat' dir='ltr'>quoe</span> <span class='ocrx_word' id='word_1_281' title='bbox 1343 2893 1391 2954; x_wconf 82' lang='lat' dir='ltr'>ot</span> <span class='ocrx_word' id='word_1_282' title='bbox 1515 2861 1516 2912; x_wconf 58' lang='lat'>3</span> 
     </span>
     <span class='ocr_line' id='line_1_29' title="bbox 223 2976 1516 3066; baseline 0.011 -26"><span class='ocrx_word' id='word_1_283' title='bbox 223 2976 300 3043; x_wconf 85' lang='lat' dir='ltr'>tulit</span> <span class='ocrx_word' id='word_1_284' title='bbox 327 2977 486 3060; x_wconf 85' lang='lat' dir='ltr'>Reisigius</span> <span class='ocrx_word' id='word_1_285' title='bbox 514 2997 545 3060; x_wconf 89' lang='lat' dir='ltr'>p.</span> <span class='ocrx_word' id='word_1_286' title='bbox 575 2984 636 3045; x_wconf 82' lang='grc'>582</span> <span class='ocrx_word' id='word_1_287' title='bbox 667 2999 724 3062; x_wconf 88' lang='lat' dir='ltr'>sq.‚</span> <span class='ocrx_word' id='word_1_288' title='bbox 752 2983 807 3063; x_wconf 91' lang='lat' dir='ltr'>qui</span> <span class='ocrx_word' id='word_1_289' title='bbox 834 2983 912 3048; x_wconf 89' lang='lat' dir='ltr'>dicit</span> <span class='ocrx_word' id='word_1_290' title='bbox 937 2985 1087 3064; x_wconf 80' lang='lat' dir='ltr'>punici·</span> <span class='ocrx_word' id='word_1_291' title='bbox 1103 3005 1140 3048; x_wconf 80' lang='grc' dir='ltr'>ιιι</span> <span class='ocrx_word' id='word_1_292' title='bbox 1168 2985 1323 3066; x_wconf 68' lang='lat' dir='ltr'>inprimis</span> <span class='ocrx_word' id='word_1_293' title='bbox 1362 2988 1390 3053; x_wconf 86' lang='lat' dir='ltr'>si</span> <span class='ocrx_word' id='word_1_294' title='bbox 1515 2977 1516 2984; x_wconf 10' lang='grc' dir='ltr'><strong>ἶ</strong></span> 
     </span>
    </p>
   </div>
   <div class='ocr_carea' id='block_1_11' title="bbox 171 3073 1390 4236">
    <p class='ocr_par' dir='ltr' id='par_1_11' title="bbox 171 3073 1390 3650">
     <span class='ocr_line' id='line_1_30' title="bbox 223 3073 1390 3162; baseline 0.009 -23"><span class='ocrx_word' id='word_1_295' title='bbox 223 3091 311 3155; x_wconf 90' lang='lat' dir='ltr'>pron.</span> <span class='ocrx_word' id='word_1_296' title='bbox 334 3073 533 3142; x_wconf 87' lang='lat' dir='ltr'>indefinitum</span> <span class='ocrx_word' id='word_1_297' title='bbox 549 3081 615 3152; x_wconf 72' lang='lat' dir='ltr'>quis</span> <span class='ocrx_word' id='word_1_298' title='bbox 637 3085 805 3160; x_wconf 83' lang='lat' dir='ltr'>sequatur:</span> <span class='ocrx_word' id='word_1_299' title='bbox 830 3081 935 3146; x_wconf 75' lang='lat' dir='ltr'>Plout.</span> <span class='ocrx_word' id='word_1_300' title='bbox 958 3083 1046 3148; x_wconf 88' lang='lat' dir='ltr'>Asin.</span> <span class='ocrx_word' id='word_1_301' title='bbox 1067 3081 1127 3161; x_wconf 90' lang='grc' dir='ltr'><strong>ΙΙΙ,</strong></span> <span class='ocrx_word' id='word_1_302' title='bbox 1149 3088 1273 3162; x_wconf 65' lang='lat'><strong>3128:</strong></span> <span class='ocrx_word' id='word_1_303' title='bbox 1297 3088 1390 3149; x_wconf 87' lang='lat' dir='ltr'>Licet</span> 
     </span>
     <span class='ocr_line' id='line_1_31' title="bbox 224 3176 1389 3261; baseline 0.01 -26"><span class='ocrx_word' id='word_1_304' title='bbox 224 3176 390 3236; x_wconf 78' lang='lat' dir='ltr'>Fortunam</span> <span class='ocrx_word' id='word_1_305' title='bbox 414 3177 541 3254; x_wconf 86' lang='lat' dir='ltr'>leudem,</span> <span class='ocrx_word' id='word_1_306' title='bbox 565 3185 663 3238; x_wconf 84' lang='lat' dir='ltr'>temen</span> <span class='ocrx_word' id='word_1_307' title='bbox 685 3183 719 3236; x_wconf 82' lang='lat' dir='ltr'>ut</span> <span class='ocrx_word' id='word_1_308' title='bbox 740 3195 777 3240; x_wconf 79' lang='lat' dir='ltr'>ue</span> <span class='ocrx_word' id='word_1_309' title='bbox 799 3181 931 3241; x_wconf 80' lang='lat' dir='ltr'>sulutem</span> <span class='ocrx_word' id='word_1_310' title='bbox 947 3183 1069 3256; x_wconf 63' lang='lat' dir='ltr'>coprem.</span> <span class='ocrx_word' id='word_1_311' title='bbox 1094 3177 1184 3259; x_wconf 84' lang='lat' dir='ltr'>Ocpt.</span> <span class='ocrx_word' id='word_1_312' title='bbox 1201 3179 1254 3258; x_wconf 84' lang='lat' dir='ltr'>lu,</span> <span class='ocrx_word' id='word_1_313' title='bbox 1277 3186 1306 3261; x_wconf 89' lang='grc'>2,</span> <span class='ocrx_word' id='word_1_314' title='bbox 1334 3189 1373 3248; x_wconf 82' lang='grc'>17</span> <span class='ocrx_word' id='word_1_315' title='bbox 1381 3204 1389 3248; x_wconf 90' lang='lat'>:</span> 
     </span>
     <span class='ocr_line' id='line_1_32' title="bbox 226 3272 1387 3358; baseline 0.01 -26"><span class='ocrx_word' id='word_1_316' title='bbox 226 3278 340 3332; x_wconf 87' lang='lat' dir='ltr'>vestum</span> <span class='ocrx_word' id='word_1_317' title='bbox 370 3277 407 3332; x_wconf 80' lang='lat' dir='ltr'>ui</span> <span class='ocrx_word' id='word_1_318' title='bbox 432 3291 469 3332; x_wconf 81' lang='lat' dir='ltr'>ue</span> <span class='ocrx_word' id='word_1_319' title='bbox 496 3275 641 3346; x_wconf 74' lang='lat' dir='ltr'>inquinet.</span> <span class='ocrx_word' id='word_1_320' title='bbox 670 3272 766 3344; x_wconf 86' lang='lat' dir='ltr'>Most,</span> <span class='ocrx_word' id='word_1_321' title='bbox 797 3275 834 3346; x_wconf 75' lang='lat' dir='ltr'>V,</span> <span class='ocrx_word' id='word_1_322' title='bbox 849 3282 887 3355; x_wconf 83' lang='lat' dir='ltr'>.l‚</span> <span class='ocrx_word' id='word_1_323' title='bbox 915 3282 968 3342; x_wconf 81' lang='lat'>12:</span> <span class='ocrx_word' id='word_1_324' title='bbox 994 3281 1124 3358; x_wconf 78' lang='lat' dir='ltr'>Pergunt</span> <span class='ocrx_word' id='word_1_325' title='bbox 1146 3281 1268 3342; x_wconf 84' lang='lat' dir='ltr'>turbere</span> <span class='ocrx_word' id='word_1_326' title='bbox 1292 3300 1387 3358; x_wconf 84' lang='lat' dir='ltr'>nsque</span> 
     </span>
     <span class='ocr_line' id='line_1_33' title="bbox 171 3369 1388 3456; baseline 0.012 -30"><span class='ocrx_word' id='word_1_327' title='bbox 171 3381 177 3388; x_wconf 89' lang='lat'><strong>·</strong></span> <span class='ocrx_word' id='word_1_328' title='bbox 226 3371 260 3427; x_wconf 82' lang='lat' dir='ltr'>ut</span> <span class='ocrx_word' id='word_1_329' title='bbox 280 3385 317 3427; x_wconf 84' lang='lat' dir='ltr'>ue</span> <span class='ocrx_word' id='word_1_330' title='bbox 351 3369 423 3442; x_wconf 77' lang='lat' dir='ltr'>quid</span> <span class='ocrx_word' id='word_1_331' title='bbox 452 3371 548 3443; x_wconf 80' lang='lat' dir='ltr'>possit</span> <span class='ocrx_word' id='word_1_332' title='bbox 569 3373 790 3448; x_wconf 82' lang='lat' dir='ltr'>conquiescere.</span> <span class='ocrx_word' id='word_1_333' title='bbox 816 3373 943 3443; x_wconf 82' lang='lat' dir='ltr'>Terent.</span> <span class='ocrx_word' id='word_1_334' title='bbox 968 3373 1045 3440; x_wconf 87' lang='lat' dir='ltr'>Hoc.</span> <span class='ocrx_word' id='word_1_335' title='bbox 1074 3374 1130 3456; x_wconf 91' lang='lat' dir='ltr'>IV,</span> <span class='ocrx_word' id='word_1_336' title='bbox 1146 3380 1190 3456; x_wconf 84' lang='grc' dir='ltr'>Ι2,</span> <span class='ocrx_word' id='word_1_337' title='bbox 1222 3381 1277 3442; x_wconf 85' lang='lat'>19:</span> <span class='ocrx_word' id='word_1_338' title='bbox 1312 3381 1388 3442; x_wconf 77' lang='lat' dir='ltr'>hoec</span> 
     </span>
     <span class='ocr_line' id='line_1_34' title="bbox 227 3464 1387 3550; baseline 0.013 -27"><span class='ocrx_word' id='word_1_339' title='bbox 227 3464 299 3524; x_wconf 88' lang='lat' dir='ltr'>mihi</span> <span class='ocrx_word' id='word_1_340' title='bbox 328 3483 405 3539; x_wconf 83' lang='lat' dir='ltr'>nunc</span> <span class='ocrx_word' id='word_1_341' title='bbox 434 3475 536 3528; x_wconf 86' lang='lat' dir='ltr'>curust</span> <span class='ocrx_word' id='word_1_342' title='bbox 563 3486 708 3543; x_wconf 80' lang='lat' dir='ltr'>maxumo,</span> <span class='ocrx_word' id='word_1_343' title='bbox 736 3475 771 3532; x_wconf 81' lang='lat' dir='ltr'>ct</span> <span class='ocrx_word' id='word_1_344' title='bbox 797 3471 903 3545; x_wconf 69' lang='lat' dir='ltr'>monci</span> <span class='ocrx_word' id='word_1_345' title='bbox 934 3490 1000 3534; x_wconf 85' lang='lat' dir='ltr'>meu</span> <span class='ocrx_word' id='word_1_346' title='bbox 1032 3476 1248 3550; x_wconf 73' lang='lat' dir='ltr'>Longinquitas</span> <span class='ocrx_word' id='word_1_347' title='bbox 1276 3479 1387 3538; x_wconf 76' lang='lat' dir='ltr'>secutis</span> 
     </span>
     <span class='ocr_line' id='line_1_35' title="bbox 226 3561 1247 3650; baseline 0.015 -32"><span class='ocrx_word' id='word_1_348' title='bbox 226 3561 325 3622; x_wconf 78' lang='lat' dir='ltr'>obstet.</span> <span class='ocrx_word' id='word_1_349' title='bbox 348 3561 482 3642; x_wconf 85' lang='lat' dir='ltr'>Adelph.</span> <span class='ocrx_word' id='word_1_350' title='bbox 506 3563 563 3642; x_wconf 87' lang='lat' dir='ltr'>IV,</span> <span class='ocrx_word' id='word_1_351' title='bbox 586 3569 615 3644; x_wconf 80' lang='lat'>4,</span> <span class='ocrx_word' id='word_1_352' title='bbox 642 3570 696 3630; x_wconf 83' lang='lat'>18:</span> <span class='ocrx_word' id='word_1_353' title='bbox 719 3567 787 3628; x_wconf 87' lang='lat' dir='ltr'>fieri</span> <span class='ocrx_word' id='word_1_354' title='bbox 808 3571 887 3646; x_wconf 86' lang='lat' dir='ltr'>potis</span> <span class='ocrx_word' id='word_1_355' title='bbox 911 3577 958 3630; x_wconf 82' lang='lat' dir='ltr'>est</span> <span class='ocrx_word' id='word_1_356' title='bbox 980 3575 1014 3632; x_wconf 79' lang='lat' dir='ltr'>ut</span> <span class='ocrx_word' id='word_1_357' title='bbox 1035 3587 1132 3650; x_wconf 73' lang='lat' dir='ltr'>oeque</span> <span class='ocrx_word' id='word_1_358' title='bbox 1154 3576 1247 3633; x_wconf 75' lang='lat' dir='ltr'>ercet</span> 
     </span>
    </p>

    <p class='ocr_par' dir='ltr' id='par_1_12' title="bbox 221 3654 1387 4236">
     <span class='ocr_line' id='line_1_36' title="bbox 312 3654 1387 3740; baseline 0.013 -19"><span class='ocrx_word' id='word_1_359' title='bbox 312 3654 346 3738; x_wconf 86' lang='lat' dir='ltr'>g)</span> <span class='ocrx_word' id='word_1_360' title='bbox 392 3661 433 3722; x_wconf 83' lang='lat' dir='ltr'>Ut</span> <span class='ocrx_word' id='word_1_361' title='bbox 453 3662 583 3740; x_wconf 89' lang='lat' dir='ltr'>ponitur</span> <span class='ocrx_word' id='word_1_362' title='bbox 605 3662 638 3726; x_wconf 93' lang='lat' dir='ltr'>in</span> <span class='ocrx_word' id='word_1_363' title='bbox 660 3666 943 3740; x_wconf 63' lang='lat' dir='ltr'>increpationibus</span> <span class='ocrx_word' id='word_1_364' title='bbox 965 3671 998 3730; x_wconf 89' lang='lat' dir='ltr'>et</span> <span class='ocrx_word' id='word_1_365' title='bbox 1014 3666 1125 3732; x_wconf 81' lang='lat' dir='ltr'>addite</span> <span class='ocrx_word' id='word_1_366' title='bbox 1147 3673 1181 3732; x_wconf 85' lang='lat' dir='ltr'>et</span> <span class='ocrx_word' id='word_1_367' title='bbox 1195 3667 1316 3736; x_wconf 81' lang='lat' dir='ltr'>omissa</span> <span class='ocrx_word' id='word_1_368' title='bbox 1338 3670 1387 3734; x_wconf 88' lang='lat' dir='ltr'>in·</span> 
     </span>
     <span class='ocr_line' id='line_1_37' title="bbox 226 3755 1386 3848; baseline 0.013 -30"><span class='ocrx_word' id='word_1_369' title='bbox 226 3755 454 3835; x_wconf 81' lang='lat' dir='ltr'>terrogationis</span> <span class='ocrx_word' id='word_1_370' title='bbox 476 3759 635 3838; x_wconf 83' lang='lat' dir='ltr'>particule</span> <span class='ocrx_word' id='word_1_371' title='bbox 655 3777 700 3838; x_wconf 80' lang='lat' dir='ltr'>ue,</span> <span class='ocrx_word' id='word_1_372' title='bbox 724 3759 761 3839; x_wconf 88' lang='lat' dir='ltr'>si,</span> <span class='ocrx_word' id='word_1_373' title='bbox 784 3761 868 3841; x_wconf 89' lang='lat' dir='ltr'>quod</span> <span class='ocrx_word' id='word_1_374' title='bbox 891 3762 962 3842; x_wconf 87' lang='lat' dir='ltr'>quis</span> <span class='ocrx_word' id='word_1_375' title='bbox 996 3763 1078 3828; x_wconf 86' lang='lat' dir='ltr'>clius</span> <span class='ocrx_word' id='word_1_376' title='bbox 1107 3764 1251 3845; x_wconf 85' lang='lat' dir='ltr'>postulat</span> <span class='ocrx_word' id='word_1_377' title='bbox 1288 3785 1386 3848; x_wconf 88' lang='lat' dir='ltr'>expe-</span> 
     </span>
     <span class='ocr_line' id='line_1_38' title="bbox 224 3855 1384 3942; baseline 0.013 -28"><span class='ocrx_word' id='word_1_378' title='bbox 224 3855 321 3931; x_wconf 83' lang='lat' dir='ltr'>tetve,</span> <span class='ocrx_word' id='word_1_379' title='bbox 342 3868 402 3933; x_wconf 81' lang='lat' dir='ltr'>ego</span> <span class='ocrx_word' id='word_1_380' title='bbox 422 3864 500 3918; x_wconf 49' lang='lat' dir='ltr'>x&#39;vero</span> <span class='ocrx_word' id='word_1_381' title='bbox 523 3859 557 3918; x_wconf 92' lang='lat' dir='ltr'>et</span> <span class='ocrx_word' id='word_1_382' title='bbox 576 3855 648 3920; x_wconf 94' lang='lat' dir='ltr'>nolo</span> <span class='ocrx_word' id='word_1_383' title='bbox 671 3874 774 3937; x_wconf 90' lang='lat' dir='ltr'>neque</span> <span class='ocrx_word' id='word_1_384' title='bbox 796 3874 816 3920; x_wconf 86' lang='lat' dir='ltr'>a</span> <span class='ocrx_word' id='word_1_385' title='bbox 839 3877 888 3924; x_wconf 87' lang='lat' dir='ltr'>me</span> <span class='ocrx_word' id='word_1_386' title='bbox 912 3859 1068 3939; x_wconf 86' lang='lat' dir='ltr'>postulari</span> <span class='ocrx_word' id='word_1_387' title='bbox 1090 3865 1179 3927; x_wconf 89' lang='lat' dir='ltr'>recte</span> <span class='ocrx_word' id='word_1_388' title='bbox 1203 3879 1301 3942; x_wconf 89' lang='lat' dir='ltr'>posse</span> <span class='ocrx_word' id='word_1_389' title='bbox 1316 3864 1384 3929; x_wconf 84' lang='lat' dir='ltr'>exi-</span> 
     </span>
     <span class='ocr_line' id='line_1_39' title="bbox 225 3946 1384 4042; baseline 0.012 -30"><span class='ocrx_word' id='word_1_390' title='bbox 225 3946 328 4028; x_wconf 84' lang='lat' dir='ltr'>stimo,</span> <span class='ocrx_word' id='word_1_391' title='bbox 362 3947 601 4031; x_wconf 80' lang='lat' dir='ltr'>significandum</span> <span class='ocrx_word' id='word_1_392' title='bbox 630 3957 681 4017; x_wconf 86' lang='lat' dir='ltr'>est</span> <span class='ocrx_word' id='word_1_393' title='bbox 708 3953 765 4028; x_wconf 86' lang='lat' dir='ltr'>(sic</span> <span class='ocrx_word' id='word_1_394' title='bbox 792 3954 952 4021; x_wconf 85' lang='lat' dir='ltr'>Luebker.</span> <span class='ocrx_word' id='word_1_395' title='bbox 982 3957 1022 4021; x_wconf 90' lang='lat' dir='ltr'>de</span> <span class='ocrx_word' id='word_1_396' title='bbox 1051 3976 1111 4024; x_wconf 87' lang='lat' dir='ltr'>usn</span> <span class='ocrx_word' id='word_1_397' title='bbox 1138 3958 1192 4024; x_wconf 47' lang='lat' dir='ltr'>infe</span> <span class='ocrx_word' id='word_1_398' title='bbox 1215 3959 1322 4026; x_wconf 85' lang='lat' dir='ltr'>Pleut.</span> <span class='ocrx_word' id='word_1_399' title='bbox 1352 3979 1384 4042; x_wconf 91' lang='lat' dir='ltr'>p.</span> 
     </span>
     <span class='ocr_line' id='line_1_40' title="bbox 222 4045 1384 4130; baseline 0.014 -21"><span class='ocrx_word' id='word_1_400' title='bbox 222 4049 284 4120; x_wconf 78' lang='lat'><strong>28).</strong></span> <span class='ocrx_word' id='word_1_401' title='bbox 308 4045 405 4114; x_wconf 83' lang='lat' dir='ltr'>Ennii</span> <span class='ocrx_word' id='word_1_402' title='bbox 427 4046 510 4112; x_wconf 84' lang='lat' dir='ltr'>Meu.</span> <span class='ocrx_word' id='word_1_403' title='bbox 533 4047 572 4113; x_wconf 80' lang='lat' dir='ltr'>fr.</span> <span class='ocrx_word' id='word_1_404' title='bbox 601 4053 650 4114; x_wconf 90' lang='lat'>10:</span> <span class='ocrx_word' id='word_1_405' title='bbox 673 4051 750 4113; x_wconf 85' lang='lat' dir='ltr'>Nom</span> <span class='ocrx_word' id='word_1_406' title='bbox 771 4057 807 4114; x_wconf 77' lang='lat' dir='ltr'>ut</span> <span class='ocrx_word' id='word_1_407' title='bbox 828 4071 883 4130; x_wconf 75' lang='lat' dir='ltr'>ego</span> <span class='ocrx_word' id='word_1_408' title='bbox 898 4058 959 4117; x_wconf 90' lang='lat' dir='ltr'>illis</span> <span class='ocrx_word' id='word_1_409' title='bbox 973 4058 1171 4130; x_wconf 77' lang='lat' dir='ltr'>supplicarem</span> <span class='ocrx_word' id='word_1_410' title='bbox 1186 4067 1272 4124; x_wconf 82' lang='lat' dir='ltr'>toute</span> <span class='ocrx_word' id='word_1_411' title='bbox 1298 4062 1384 4124; x_wconf 80' lang='lat' dir='ltr'>blen-</span> 
     </span>
     <span class='ocr_line' id='line_1_41' title="bbox 221 4143 1383 4236; baseline 0.015 -32"><span class='ocrx_word' id='word_1_412' title='bbox 221 4145 405 4220; x_wconf 85' lang='lat' dir='ltr'>diloqueutic</span> <span class='ocrx_word' id='word_1_413' title='bbox 433 4146 497 4206; x_wconf 72' lang='grc'>-2</span> <span class='ocrx_word' id='word_1_414' title='bbox 525 4143 603 4224; x_wconf 84' lang='lat' dir='ltr'>(Cic.</span> <span class='ocrx_word' id='word_1_415' title='bbox 632 4150 696 4212; x_wconf 85' lang='lat' dir='ltr'>net.</span> <span class='ocrx_word' id='word_1_416' title='bbox 726 4147 774 4211; x_wconf 86' lang='lat' dir='ltr'>de.</span> <span class='ocrx_word' id='word_1_417' title='bbox 805 4146 864 4230; x_wconf 92' lang='grc' dir='ltr'>ΙΙΙ,</span> <span class='ocrx_word' id='word_1_418' title='bbox 892 4156 963 4230; x_wconf 79' lang='grc'>25),</span> <span class='ocrx_word' id='word_1_419' title='bbox 978 4151 1008 4217; x_wconf 90' lang='lat' dir='ltr'>h.</span> <span class='ocrx_word' id='word_1_420' title='bbox 1033 4171 1060 4218; x_wconf 90' lang='lat' dir='ltr'>e.</span> <span class='ocrx_word' id='word_1_421' title='bbox 1084 4171 1159 4218; x_wconf 92' lang='lat' dir='ltr'>num</span> <span class='ocrx_word' id='word_1_422' title='bbox 1184 4155 1255 4236; x_wconf 88' lang='lat' dir='ltr'>quis</span> <span class='ocrx_word' id='word_1_423' title='bbox 1278 4156 1383 4224; x_wconf 85' lang='lat' dir='ltr'>hooc</span> 
     </span>
    </p>
   </div>
   <div class='ocr_carea' id='block_1_12' title="bbox 0 0 1542 4762">
    <p class='ocr_par' dir='ltr' id='par_1_13' title="bbox 0 0 1542 4762">
     <span class='ocr_line' id='line_1_42' title="bbox 0 0 1542 4762; baseline 0 0"><span class='ocrx_word' id='word_1_424' title='bbox 0 0 1542 4762; x_wconf 95' lang='lat' dir='ltr'> </span> 
     </span>
    </p>
   </div>
  </div>
 </body>
</html>
