3090 4768
212 185 254 244 44
659 175 786 217 VERBUM.
815 175 877 216 CAP.
891 176 918 216 X.

213 368 251 426 al
276 380 340 443 sq:
370 366 415 425 Tu
437 367 551 440 quiesce
570 367 647 426 banc
669 385 732 428 rem
755 368 842 428 modo
864 367 972 428 Petere.
1018 363 1112 430 Truc.
1135 363 1190 442 IV,
1214 367 1298 438 3,'9:
1321 365 1366 425 vis

211 465 323 537 aomar
351 482 454 524 verum
484 464 583 535 soteri.
629 461 756 527 Terent.
780 461 905 528 Phorm.
929 461 955 541 I,
979 467 1008 542 2,
1031 469 1068 526 4:
1098 467 1173 524 Amo
1201 469 1231 524 te
1254 471 1286 522 et
1307 479 1367 522 non

215 560 379 635 protensae
402 561 456 635 (sc.
481 560 527 636 te)
551 562 644 620 babeo
664 564 804 636 gratiora.

299 661 348 720 10.
370 660 544 731 Infinittoas
565 660 598 717 ia
619 661 882 721 ecclomott'oat‘baa
903 665 933 722 et
952 646 1233 732 iobrropatt'oaibrrs
1253 657 1368 716 mirato·

217 756 292 818 tum
320 759 367 838 orl
393 758 615 830 conquestum
633 758 755 830 poscas.
787 753 848 820 Hic
870 766 933 822 no'n
955 773 993 820 ex
1016 753 1133 836 ellipsi,
1158 753 1214 818 sed
1237 771 1276 818 ex
1297 753 1370 834 ipsa

209 857 327 917 natura
347 851 510 932 infinitivi,
534 853 589 932 qni
611 853 655 916 nil
677 854 738 917 nisi
762 853 986 934 cogitationem
1010 841 1174 933 exprimit,
1206 851 1368 932 explican-

211 950 273 1014 dus
309 957 368 1030 est,
402 951 442 1015 de
475 967 539 1030 qna
571 969 607 1014 re
638 950 711 1014 vide
743 951 839 1015 etiam
863 946 1105 1016 Stallbauminm
1129 950 1169 1014 ad
1193 949 1297 1013 Rudd.
1321 945 1367 1028 Il,

212 1067 243 1129 p.
269 1053 330 1112 226
354 1066 399 1128 sq.
443 1048 549 1113 Plaut.
578 1047 669 1112 Cure·
700 1049 743 1128 V,
774 1055 807 1129 2,
839 1053 893 1114 25:
932 1053 1053 1112 Servom
1087 1051 1254 1111 antestari?
1288 1050 1368 1110 vide.

213 1143 302 1209 alneu
322 1142 465 1210 &claren
484 1163 552 1228 puta
574 1143 700 1230 gangen
725 1145 875 1228 asculen?
897 1145 954 1230 ital)
972 1145 1031 1226 bid)
1055 1159 1121 1211 aaa.
1157 1144 1226 1210 Cas.
1241 1145 1268 1224 I,
1284 1163 1311 1209 v.
1331 1149 1368 1208 1:

212 1248 281 1306 Non
310 1248 382 1305 mibi
411 1247 498 1306 terere
527 1249 603 1310 cett.
654 1245 780 1308 Terent.
809 1247 907 1310 Andr.
931 1246 1005 1326 1,5,
1031 1247 1084 1309 18:
1113 1248 1275 1325 Tantamne
1303 1260 1370 1306 rem

208 1351 271 1404 tam
300 1346 493 1418 neglegenter
526 1346 632 1418 ogere!
675 1342 713 1420 V,
736 1348 765 1422 2,
788 1348 845 1414 29:
881 1347 1006 1406 Tantum
1036 1345 1167 1405 laborem
1196 1361 1298 1416 copore
1327 1343 1370 1402 ob

209 1445 299 1502 talem
329 1441 442 1501 filium?
486 1439 523 1518 V,
548 1446 576 1520 3,
601 1445 637 1504 8:
668 1443 752 1502 Adeo
776 1441 833 1516 (sic
860 1441 954 1505 Both.
982 1444 1015 1506 et
1036 1439 1249 1519 Fleckeisen.)
1279 1443 1367 1516 inpo-

209 1542 286 1599 tenti
309 1556 369 1598 esee
392 1541 500 1598 animo.
551 1539 635 1602 Eun.
658 1537 699 1616 11,
726 1544 753 1608 1,
778 1543 810 1602 3:
838 1543 886 1600 ab
908 1541 1062 1614 Roqilora
1085 1555 1167 1617 quae
1190 1544 1240 1602 est
1263 1535 1371 1600 excia—

210 1634 309 1698 metio
332 1634 538 1714 indignantia
563 1636 617 1700 nbi
640 1635 742 1701 Schm.
767 1635 946 1700 addendum
971 1641 1094 1701 censet:
1117 1639 1152 1698 te
1173 1635 1283 1698 miror.
1299 1633 1371 1697 Do-

211 1738 322 1796 natus:
345 1733 467 1812 „Deest
488 1736 532 1796 vis
554 1733 610 1798 vel.
628 1738 738 1813 pergis,
761 1738 800 1798 ut
821 1735 871 1814 sit,
895 1739 1026 1810 rogitare
1048 1735 1169 1810 pergis?
1192 1731 1253 1796 Vel
1274 1741 1314 1806 te,
1338 1729 1374 1796 si

208 1830 313 1910 ipsum
335 1829 474 1910 respicit,
497 1831 549 1895 vel
572 1835 658 1909 huno,
683 1833 710 1896 si
732 1849 865 1896 aversus
888 1831 967 1894 haec
990 1831 1077 1910 dicit,
1099 1831 1212 1894 nteit:
1235 1833 1292 1906 Ab,
1315 1847 1367 1890 ro-

209 1932 304 2005 gitare
329 1930 386 2011 te?¹
408 1933 465 1992 aut
494 1933 626 2006 rogitare
653 1932 778 1992 hunc?“
821 1921 1113 1994 Nihil'addendum
1136 1932 1195 2008 est,
1219 1928 1371 1992 sedeat:

210 2023 284 2089 tibet
308 2025 366 2088 bod
390 2023 531 2110 {progeni
575 2027 701 2092 Phorm.
724 2027 767 2106 II,
796 2034 820 2106 l,
845 2033 876 2092 2:
905 2048 966 2089 non
987 2032 1167 2090 simultatem
1189 2045 1283 2086 meam
1306 2026 1369 2086 Re-

207 2126 305 2186 oerera'
326 2122 449 2187 saltem!
472 2141 530 2187 non
549 2129 679 2200 podere!
723 2122 761 2206 V,
785 2131 814 2204 9,
840 2131 899 2192 aaz·
924 2128 965 2186 nil
983 2119 1116 2202 podere?
1151 2123 1285 2203 Adelph.
1309 2121 1370 2202 IV,

183 2224 238 2300 ’2,
263 2226 316 2285 23:
339 2226 407 2284 Non
422 2225 565 2297 puduisse
587 2226 747 2287 verberare
771 2227 919 2286 bominem
935 2223 1050 2288 senem!
1079 2221 1157 2288 Hec.
1180 2219 1235 2300 IV,
1262 2225 1368 2300 1,17:

207 2321 314 2382 Adeon
337 2324 489 2397 pervicaci
508 2341 569 2384 esse
590 2327 696 2402 animo,
721 2333 753 2384 ut
776 2342 899 2399 puerum
923 2329 1117 2398 praeoptares
1136 2325 1248 2398 perire.

716 2601 787 2674 Cap.
810 2602 848 2661 X.

470 2767 527 2830 De
556 2729 757 2846 gerundia
789 2770 831 2833 et
857 2765 1095 2847 gerundivo.

291 2933 329 2998 In
352 2939 470 3000 natura
492 2937 636 3014 gerundii
659 2942 691 3002 et
715 2937 882 3019 gerundivi
905 2940 993 3022 recte
1017 2937 1251 3004 constituenda
1263 2929 1296 3002 et
1311 2955 1366 3002 co·
1385 3006 1390 3016 ,

207 3033 388 3111 gnoscenda
410 3035 449 3098 ab
473 3037 705 3115 antiquissimis
728 3037 924 3118 temporibus
946 3035 986 3099 ab
1010 3035 1057 3112 iis,
1081 3036 1135 3115 qni
1150 3035 1189 3099 de
1206 3053 1367 3116 gramma-

207 3130 271 3195 tica
293 3129 393 3195 latina
416 3133 620 3214 scripserunt,
642 3135 834 3214 permultum
859 3151 976 3216 operae
1000 3139 1033 3196 et
1056 3133 1154 3197 studii
1175 3133 1366 3198 collocatum

209 3232 267 3308 est,
291 3228 347 3293 sed
370 3230 416 3292 ita
440 3237 475 3293 nt
499 3231 732 3297 diversissimas
760 3234 799 3296 de
822 3233 881 3296 hac
904 3251 939 3295 re
961 3231 1153 3310 protulerint
1176 3233 1364 3313 sententiaa,

208 3327 293 3406 quod
316 3331 452 3392 nonest
473 3328 666 3408 mirandum,
698 3331 854 3410 siquidem
877 3329 928 3393 hic
951 3334 1001 3392 est
1021 3327 1110 3392 locus
1134 3331 1364 3410 grammaticae

210 3425 250 3489 ad
273 3425 528 3506 investigandum
552 3445 703 3507 perquam
728 3426 871 3492 difficilis.
904 3426 1104 3503 Quaesitum
1128 3429 1210 3490 eninr
1234 3432 1284 3492 est
1298 3427 1366 3508 pri·

207 3540 293 3585 marn
317 3525 356 3586 de
382 3524 504 3604 origine
527 3526 694 3605 utriusque
717 3524 838 3590 formae
862 3529 895 3589 et
917 3529 1024 3589 utrum
1048 3525 1237 3604 gerundium
1255 3543 1293 3588 ex
1308 3543 1365 3606 ge-

209 3621 342 3683 rundivo
366 3629 453 3686 esset
475 3621 706 3703 deducendum,
730 3644 770 3688 an
794 3631 914 3689 contra.
960 3623 1082 3688 Deinde
1105 3622 1190 3702 quod
1211 3623 1250 3686 ad
1267 3622 1366 3704 signi-

208 3714 387 3782 ficationem
416 3721 532 3784 attinet
562 3722 723 3802 gerundii,
754 3709 861 3786 utrum
885 3741 942 3802 pro
966 3723 1069 3786 activo
1092 3739 1132 3784 an
1155 3739 1212 3800 pro
1236 3720 1364 3802 passivo

209 3824 294 3879 esset
315 3815 506 3898 habendum,
530 3823 598 3882 tum
619 3821 776 3900 quomodo
793 3819 937 3884 differret
953 3820 1021 3884 eius
1037 3819 1249 3883 nominativus
1266 3817 1366 3899 signi-

208 3910 356 3980 ficatione
378 3933 398 3978 a
420 3918 547 3982 casibus
570 3917 707 3996 obliquis
729 3935 873 3997 quaeque
897 3920 927 3982 ei
950 3918 1031 3981 ratio
1053 3917 1268 3981 intercederet
1290 3915 1365 3981 cuni

205 4009 368 4078 infinitivo.
412 4015 461 4078 De
484 4016 658 4096 gerundivo
683 4022 804 4096 autern,
834 4035 932 4095 quum
955 4021 988 4079 et
1009 4015 1186 4095 praesentis
1209 4019 1241 4080 et
1262 4010 1366 4080 futuri

206 4115 239 4176 et
258 4109 469 4177 ‘necessitatis
499 4117 530 4178 et
558 4114 601 4188 (in
628 4113 756 4179 casibus
784 4113 932 4193 obliquis)
964 4113 1067 4177 nudae
1097 4112 1245 4193 actionis,
1280 4128 1364 4193 quae

205 4210 305 4274 verbo
329 4229 480 4291 expressa
504 4216 563 4292 est,
587 4209 848 4292 significationem
872 4213 1002 4291 habeat,
1027 4229 1107 4291 qnae
1130 4211 1241 4275 harum
1265 4210 1364 4290 signi-
