3090 4768
493 149 532 188 DE
548 149 698 190 GERUNDIO
714 148 751 187 ET
766 149 944 192 ennnnmlvo
1256 163 1297 224 49

146 336 289 418 legatur,
321 353 383 400 non
411 355 487 404 sane
515 339 704 420 negligenda
727 345 778 406 est
799 339 905 420 lectio,
926 341 983 406 sed
1008 345 1136 420 oportet
1158 359 1229 406 eum
1252 343 1297 408 le·

147 452 233 515 gere.
280 434 368 512 Quae
392 436 518 516 quidem
541 436 728 519 significatio
751 438 856 504 nescio
880 457 919 506 an
942 439 1111 504 adiuvetur
1131 441 1225 510 etiam
1244 441 1307 506 ἀει-Ι

150 533 214 596 tivo
243 533 376 600 adiecto.
400 535 577 616 -ltaque
607 535 756 604 facillime
786 535 892 600 dativo
924 541 957 604 et
977 537 1076 602 uerbo
1099 537 1299 606 substantivo

148 650 218 698 cum
240 629 344 698 forma
366 633 398 696 in
420 636 497 696 adso
520 635 695 700 coniunctis
718 639 755 700 ut
770 635 991 700 necessitatem
1011 631 1205 716 significaret
1226 644 1299 717 pot-

148 735 217 792 erat
240 726 335 806 elfici;
366 730 481 798 deinde
510 750 587 798 vero
617 732 718 798 solum
748 752 777 797 v.
801 752 861 798 csse
882 730 1057 814 putabatur
1078 731 1238 814 sulficere;
1266 735 1300 800 id

150 826 202 891 ubi
224 845 289 892 non
311 834 361 892 est
382 829 551 908 adiectum,
580 831 620 895 ab
643 829 704 906 bac
724 836 884 910 potestate
906 830 1032 896 videtur
1055 832 1192 898 alienum
1217 851 1298 900 esse.

149 923 210 990 Sed
240 945 312 992 cum
338 927 370 992 id
400 928 484 1008 quod
506 928 538 994 in
560 928 744 1008 praedicato
768 926 965 997 inestiacila
989 931 1085 994 etiam
1108 932 1139 994 in
1163 929 1300 998 attribu-

148 1030 215 1092 tum
237 1023 459 1106 transforatur,
487 1025 688 1108 participium
714 1027 820 1107 ipsum
843 1028 1068 1092 necessitatem
1092 1029 1143 1092 vel
1165 1030 1309 1111 dignita«

146 1129 212 1188 tem
243 1122 412 1204 designare
440 1123 561 1202 coepit,
596 1123 697 1189 rarius
729 1125 882 1206 primum,
917 1125 1002 1204 quod
1029 1126 1084 1190 illa
1112 1125 1214 1193 forma
1237 1147 1300 1194 non

144 1221 275 1302 plenam
302 1219 442 1288 habebat
469 1222 668 1288 necessitatis
695 1224 871 1303 notionem,
902 1223 1016 1290 deinde
1041 1241 1117 1290 uero
1148 1243 1167 1288 a
1196 1227 1300 1305 poetis

144 1321 284 1387 maxime
312 1318 515 1400 frequentata
545 1327 579 1385 et
606 1340 624 1384 a
655 1320 813 1400 pedestris
843 1322 996 1388 orationis
1019 1322 1227 1402 scriptoribus
1250 1342 1301 1390 re-

145 1427 242 1500 cepta
271 1424 330 1484 est.
374 1418 596 1484 Adiuvabatur
623 1425 728 1484 autem
751 1418 802 1484 bic
831 1439 912 1486 usus
938 1439 1069 1488 casuum
1097 1421 1299 1501 obliquorum

143 1513 440 1600 significationibus.
465 1551 506 1562 -
529 1516 578 1580 Ne
606 1516 728 1582 abhoc
751 1518 878 1597 quidem
902 1535 961 1586 usu
984 1524 1131 1584 neutrum
1155 1519 1187 1584 in
1209 1522 1301 1582 amm

143 1617 354 1682 terminatum
387 1621 515 1697 poterat
549 1615 691 1693 excludi,
726 1617 810 1695 quod
845 1612 970 1696 quidem
1002 1617 1172 1682 accedente
1201 1617 1300 1682 uerbo

143 1714 350 1781 substantivo
378 1714 469 1794 quasi
491 1715 618 1780 modum
647 1714 802 1796 quendam
825 1716 1026 1782 necessitatis
1049 1716 1224 1780 obiectivac
1248 1735 1303 1782 ex-

141 1813 266 1894 primit
312 1811 373 1878 Sed
404 1830 475 1878 eum
502 1817 652 1878 neumam
674 1819 775 1894 parte.
799 1831 861 1878 non
884 1813 1089 1881 adiuvaretur
1111 1814 1303 1880 attributiva

143 1911 403 1990 constructione,
435 1928 518 1990 quae
544 1911 719 1993 praedicati
748 1915 941 1992 potestatem
970 1912 1065 1976 etiam
1093 1913 1125 1976 in
1154 1912 1302 1991 obliquos

144 2028 242 2075 casus
273 2007 477 2088 transferret,
513 2008 584 2092 solo,
607 2017 684 2072 recto
711 2029 782 2076 cusu
809 2011 852 2076 ad
879 2009 1011 2077 actionis
1033 2007 1302 2091 ¹significationem

141 2106 348 2174 necessitatis
371 2105 532 2170 notionem
554 2110 736 2190 assumpsit.
780 2109 892 2188 Neque
915 2113 1023 2173 tamen
1043 2109 1150 2189 ipsius
1165 2108 1299 2174 actionis

142 2203 364 2286 designandae
393 2205 454 2270 vim
485 2206 641 2285 deposuit.
687 2206 757 2284 Qua
779 2212 927 2272 manente
954 2214 990 2270 ut
1011 2206 1044 2269 in
1066 2207 1196 2286 reliquis
1221 2207 1302 2272 casi-

140 2304 224 2384 bus,
255 2303 311 2367 ubi
337 2303 578 2368 transitivorum
606 2309 681 2368 sunt
709 2305 879 2385 gerundia,
904 2323 961 2370 cur
981 2305 1198 2371 accusativum
1221 2303 1314 2370 aeci-v

143 2420 239 2468 scere
267 2419 328 2466 non
351 2402 474 2481 possint
496 2401 583 2466 nulla
601 2419 685 2473 ,sane
709 2423 805 2470 causa
828 2410 893 2476 est.
923 2421 993 2468 cum
1016 2419 1078 2468 nou
1102 2402 1142 2466 ad
1164 2403 1302 2468 necessi-

144 2505 251 2564 tatem
275 2499 420 2580 addatur,
444 2499 502 2564 sed
524 2500 650 2566 actione
673 2502 855 2581 transitiva,
879 2500 939 2574 hac
962 2489 1133 2566 aceedente
1156 2519 1218 2566 non
1233 2519 1304 2566 mu-

144 2603 234 2673 tata,
263 2600 456 2679 requiratur.
501 2597 568 2662 Iam
593 2616 668 2664 vero
691 2600 718 2664 si
740 2600 772 2664 in
794 2601 864 2681 ipsa
886 2597 988 2666 forma
1010 2599 1043 2664 in
1065 2601 1143 2662 adua
1166 2603 1301 2664 exeunte

142 2712 212 2763 non
242 2696 320 2778 insit,
348 2697 395 2760 vis
422 2697 641 2774 necessitatis,
678 2698 734 2762 sed
756 2698 917 2776 peculiari
947 2697 1016 2762 eius
1039 2703 1153 2764 natura
1177 2703 1302 2762 tantum

143 2797 333 2875 adiuvetur,
363 2795 416 2860 ubi
450 2795 557 2860 verbis
587 2795 717 2860 adiectis
747 2795 894 2874 affertur,
926 2813 964 2860 ea
993 2796 1163 2865 accedente
1193 2800 1301 2861 autem

142 2894 258 2960 nativa
280 2898 422 2973 potestas
444 2911 509 2960 non
529 2893 717 2958 immutetur
739 2901 772 2960 et
788 2895 996 2973 opprimatur,
1018 2911 1121 2974 neque
1142 2892 1304 2974 participii

141 3010 251 3073 neque
275 2991 420 3072 gerundii
443 3008 535 3066 casus
556 2996 663 3056 rectus
677 2992 720 3071 ab
735 2992 872 3073 obliquis
889 2991 1014 3056 videtur
1030 2992 1159 3072 seiungi
1172 2991 1298 3056 debere.

143 3124 192 3136 -
215 3090 329 3172 Neque
352 3108 428 3155 vero
450 3090 566 3156 mirum
586 3107 656 3154 esse
678 3093 785 3170 potest
811 3095 932 3156 rectum
956 3107 1064 3154 casum
1086 3088 1304 3167 feresomper

143 3187 269 3258 babere
292 3187 492 3256 necessitatis
515 3191 638 3264 notam,
661 3205 734 3254 nam
758 3185 905 3254 neutrum
922 3185 1048 3268 quidem
1062 3187 1223 3267 participii
1239 3201 1302 3250 non

144 3292 326 3368 usurpatur
348 3286 408 3352 nisi
430 3286 580 3352 adiuncto
600 3304 628 3351 v.
653 3307 725 3366 esec,
754 3286 863 3366 itaque
889 3305 951 3352 non
981 3291 1088 3366 potest
1111 3286 1227 3350 nudam
1251 3303 1306 3350 ac-

145 3387 270 3452 tionem
292 3384 441 3464 indicare,
465 3401 560 3464 quam
583 3383 740 3472 indicaret
760 3401 798 3449 eo
822 3384 952 3464 omisso;
976 3383 1178 3464 participium
1194 3388 1303 3449 autem

145 3483 350 3565 plerumque,
368 3481 466 3548 habet
495 3475 655 3563 additum,
689 3483 744 3547 ubi
772 3489 910 3548 nonest
940 3483 1083 3550 additum
1114 3480 1304 3548 attributiva

148 3580 347 3648 constructio
376 3581 552 3660 praedicati
581 3582 645 3650 vim
672 3581 823 3648 servavit.
867 3580 978 3660 Neque
1001 3587 1107 3646 tamen
1130 3579 1304 3661 quidquam

148 3680 310 3759 obstabat,
344 3680 512 3760 quominus
545 3679 661 3744 omisso
689 3697 717 3744 v.
748 3697 809 3742 esse
835 3679 943 3744 nativa
971 3679 1039 3745 eius
1069 3679 1118 3742 vis
1144 3677 1305 3742 obtineret

148 3779 250 3844 etiam
278 3777 311 3842 in
342 3782 429 3844 recto
452 3795 539 3844 casu.
583 3775 666 3844 Hinc
688 3775 725 3843 fit
749 3783 790 3842 ut.
805 3779 866 3840 dies
888 3779 1030 3840 volvendo
1052 3774 1130 3840 nihil
1153 3759 1195 3838 si't
1216 3771 1305 3838 aliud

148 3877 215 3944 nisi
238 3875 316 3955 dies,
340 3894 422 3958 quae
443 3875 494 3940 vel
515 3875 613 3940 habet
635 3875 686 3940 vel
717 3873 813 3940 elficit
835 3875 990 3940 actionem
1013 3873 1173 3951 volvendi3
1203 3874 1304 3934 caua

149 3980 208 4040 dua
238 3976 292 4055 qui
319 3974 418 4040 habet
447 3974 612 4054 originem.
658 3972 722 4038 Sed
744 3991 815 4038 cum
837 3973 938 4036 multo
960 3971 1089 4051 saepius
1113 3970 1227 4052 copula
1250 3967 1305 4032 ad-

149 4077 284 4142 deretur
313 4073 514 4138 necessitatis
546 4072 593 4136 vis
614 4072 660 4138 ita
683 4076 733 4137 est
755 4068 948 4148 confirmata,
979 4075 1016 4134 ut
1037 4068 1116 4135 haec
1137 4067 1242 4132 rarius
1262 4064 1305 4127 sit

150 4176 289 4240 servata
334 4171 384 4236 Ex
412 4171 472 4236 bac
500 4176 607 4237 autem
636 4168 836 4236 necessitatis
865 4165 1096 4248 significatione
1125 4163 1303 4247 posteriore

206 4273 289 4322 Holtso,
303 4273 413 4324 syntaxis.
434 4273 463 4312 11.
1071 4275 1091 4333 4
