3090 4768
489 181 545 222 inu.
561 181 616 221 ΡΙΙΟ
631 181 759 222 omero
773 179 901 222 Poturae.
1248 187 1288 248 37

145 383 196 426 an·
214 373 396 442 exeuntem,
420 387 459 435 ex
481 385 543 451 quo
566 368 710 436 concludi
732 370 824 450 licet,
854 366 1041 434 infinitivum
1063 364 1153 451 illum
1175 365 1289 446 priscis

143 465 340 544 temporibus
362 467 615 534 indeclinabilem
637 467 744 532 fuisse.
788 467 869 532 Sunt
891 471 997 532 autem
1019 464 1065 554 bi:
1088 464 1167 530 Galo
1187 464 1287 547 origg.

144 560 163 623 l.
187 559 215 624 V
243 563 306 644 (ap.
337 565 452 630 Iordan
481 569 536 645 26,
569 572 615 640 ll:
653 567 703 628 Illl
735 569 864 643 polliciti
897 583 963 628 sese
997 565 1148 638 foedarunt
1184 563 1289 632 omnis.

143 677 171 724 r.
201 659 354 728 Priscian.
383 663 402 728 l.
426 661 482 742 Ill,
511 681 541 744 p.
566 666 627 727 864
649 661 682 726 P.
703 661 806 727 Plaut.
830 661 900 727 Cas.
924 661 983 742 111,
1008 666 1036 740 5,
1060 665 1114 726 37:
1143 659 1291 723 deiurant

142 759 313 820 Oodsnrnna
335 777 411 836 eum,
435 764 491 823 hac
514 768 604 822 nocte
625 765 742 838 quicum
766 763 898 837 cubaret,
920 779 949 825 v.
969 759 1076 824 adnot.
1095 757 1232 824 Gruterl.
1249 755 1291 821 lb.

142 872 171 919 r'.
195 859 252 920 51:
276 861 382 920 dltaro
405 866 434 920 te
457 859 628 921 Occisurum
651 863 700 922 ait.

227 957 257 1018 8.
304 954 458 1035 Sequitur
480 961 515 1022 ut
536 955 660 1038 reliqua
682 973 863 1022 enumerem
885 953 1038 1036 exempla,
1060 955 1093 1018 in
1113 952 1230 1033 quibus
1244 951 1291 1016 in·

140 1047 282 1116 finitivus
315 1055 478 1115 consona
510 1052 614 1118 locum
648 1059 758 1118 tenere
791 1053 853 1118 dici
886 1061 1007 1134 potest,
1041 1069 1102 1133 quo
1130 1051 1292 1132 pertinent

142 1154 250 1216 omnia
273 1167 313 1214 ea
333 1151 444 1231 rerba,
468 1169 549 1232 quae
572 1152 672 1216 etiam
691 1150 793 1216 alium
811 1151 1029 1216 accusativum
1052 1149 1168 1214 obiecti
1190 1147 1292 1213 adsci-

140 1264 231 1312 scere
254 1253 400 1328 5555555.
422 1249 537 1314 Naevii
553 1247 691 1330 elogium
708 1248 747 1313 ab
763 1247 1000 1330 ipso-scriptum
1017 1247 1290 1330 OEgger.p.123):

140 1345 231 1408 eolre
253 1353 324 1408 sant
344 1350 449 1408 Romai
473 1350 585 1422 iopnier
606 1351 715 1410 Latina
737 1352 846 1424 lingua.
898 1343 1003 1411 Plaut.
1019 1346 1114 1412 Most.
1131 1345 1174 1425 Π,
1191 1349 1220 1425 2,
1237 1347 1291 1408 se:

140 1445 309 1506 Lucernam
337 1445 414 1506 ibrte
441 1447 548 1508 oblitos
576 1447 695 1520 ineram
717 1448 894 1521 celinquere.
939 1444 1035 1508 Poen·
1059 1444 1139 1526 prol·
1161 1464 1189 1508 v.
1217 1445 1291 1507 lle:

140 1561 216 1620 pene
240 1544 348 1604 oblitus
368 1562 433 1604 snm
455 1547 599 1621 reliquom
621 1546 726 1606 dicere.
772 1543 859 1608 Pers
883 1541 937 1623 lv,
962 1547 1070 1621 7,.12τ
1097 1544 1202 1604 abditus
1223 1557 1288 1603 eran

139 1641 220 1702 intus
250 1641 362 1700 undum
387 1643 506 1703 edicere.
552 1638 631 1705 (lato
653 1640 690 1703 R.
713 1641 750 1704 R.
775 1659 800 1704 c.
825 1645 883 1706 20:
911 1659 947 1703 eo
969 1644 1120 1718 plumbum
1142 1641 1292 1716 splendere

140 1742 253 1806 coneto,
282 1757 319 1798 ne
349 1742 431 1800 labet
461 1743 627 1800 columella.
673 1737 706 1802 0.
731 1744 761 1801 l:
795 1743 951 1802 Praedium
975 1759 1062 1817 quum
1080 1757 1196 1813 parare
1217 1739 1293 1812 copi-

140 1837 223 1897 aas.
261 1832 295 1898 C·
320 1841 352 1900 3:
377 1837 535 1909 aedificare
557 1839 607 1898 diu
629 1839 760 1912 copitare
776 1847 904 1914 oportet,
927 1855 1076 1900 conserere
1091 1839 1220 1912 ospitare
1234 1855 1292 1897 non

140 1943 270 2010 oportet.
314 1932 416 1998 Plaut.
442 1933 555 2014 Amph·
576 1933 600 2014 Ι,
627 1940 653 2013 1,
680 1938 754 1999 163;
785 1937 893 1996 Mirum
924 1939 955 1996 ni
982 1937 1031 1998 hic
1054 1953 1099 1996 me
1122 1937 1207 2011 quasi
1229 1951 1292 1994 mu·

139 2045 261 2093 menam
284 2049 421 2094 exossare
443 2034 559 2106 capital.
603 2031 701 2097 Mero.
726 2031 768 2111 Π,
792 2039 821 2110 2,
844 2039 899 2096 45:
936 2036 1162 2107 Nanctum,
1191 2033 1291 2108 crede,

139 2132 289 2205 recepere
311 2131 435 2204 sopitos..
465 2129 580 2195 Pseud.
597 2130 621 2210 Ι,
639 2137 668 2209 5,
686 2135 739 2194 6οε
767 2138 855 2208 atque
878 2134 950 2193 haut
973 2134 1031 2194 alio
1054 2131 1140 2193 modo
1162 2131 1212 2190 Me
1227 2143 1291 2189 aer*

140 2229 242 2288 berare
265 2237 354 2304 etque
378 2247 434 2303 ego
456 2238 486 2289 te
511 2233 593 2292 scleo
616 2230 733 2304 sopitas.
766 2227 894 2292 Terent.
918 2229 999 2292 Eun.
1023 2227 1077 2306 IV,
1102 2233 1131 2304 7,
1155 2231 1188 2289 7:
1215 2227 1292 2301 Quid

138 2328 263 2404 ignave,
285 2329 444 2401 peniculon
463 2341 616 2402 pappare,
640 2327 689 2403 qui
712 2327 880 2418 istnmuhno
903 2338 1015 2402 portas,
1039 2327 1171 2401 sopitas?
1213 2321 1292 2387 Caio

139 2427 220 2486 orat.
246 2427 358 2486 eontra
381 2421 551 2488 Thermum
575 2424 614 2488 de
637 2423 746 2488 desem
768 2420 947 2488 hominibus
964 2439 1014 2502 ap.
1032 2422 1114 2487 Gell.
1130 2419 1220 2502 Xlll,
1235 2425 1290 2485 24‘2

138 2523 231 2582 Tuum
262 2521 407 2582 nefarium
438 2523 555 2584 facinus
578 2526 680 2598 peiore
709 2523 843 2602 facinore
871 2523 985 2597 operire
1000 2523 1143 2596 postulas.
1186 2519 1290 2584 Plaut.

140 2617 253 2698 Amphi
277 2617 303 2697 1,
330 2624 356 2696 l,
381 2622 456 2683 205:
487 2623 550 2681 Tun
582 2622 667 2681 domo
685 2621 843 2695 penum
865 2637 990 2696 peregre
1013 2638 1059 2683 mo
1083 2621 1290 2682 advenientem

134 2717 292 2790 postulae?
339 2713 382 2794 ΙΙ,
407 2722 435 2794 2,
463 2723 536 2782 157;
564 2720 643 2779 Nam
671 2721 745 2779 haee
776 2719 894 2793 quidem
924 2735 977 2778 nos
1008 2719 1162 2780 delirantis
1192 2718 1292 2791 soene

139 2816 226 2875 dictis
243 2817 391 2888 postulat,
422 2815 462 2879 ad
485 2832 514 2896 q.
538 2815 557 2880 l.
581 2814 707 2879 lamb:
746 2808 856 2893 „diret
886 2831 1023 2894 aequum
1050 2813 1171 2896 putat.“
1218 2811 1312 2897 Aul„

137 2908 192 2989 IV,
214 2915 290 2988 1‚3:
313 2913 389 2973 llam
412 2919 463 2990 qni
485 2933 538 2976 oro
561 2933 598 2974 er
620 2917 770 2974 senmntis
791 2916 903 2974 sarone
924 2931 1025 2975 servos
1046 2916 1187 2989 postulat.
1220 2911 1290 2977 Cas,

139 3007 174 3078 V.
195 3014 227 3086 4,
253 3014 286 3072 l:
315 3013 373 3072 Ubi
403 3012 460 3073 tu’s
484 3029 577 3087 nnnc,
607 3014 658 3088 qui
680 3013 774 3072 colen
801 3029 900 3074 mores
923 3015 1119 3073 Massiliensis
1137 3011 1292 3088 postulas?

142 3104 235 3170 Most.
259 3106 284 3186 Ι,
309 3111 338 3186 3,
367 3115 440 3172 102;
479 3111 547 3171 Una
574 3127 667 3186 opera
692 3112 765 3171 ebur
788 3111 889 3170 hercle
913 3117 1079 3171 atramento
1102 3111 1294 3184 candefacere

133 3207 272 3280 paunus.
316 3205 370 3284 lv,
395 3212 423 3284 3,
448 3212 503 3272 29:
542 3225 579 3270 ne
607 3210 653 3268 ire
681 3209 791 3268 infitias
814 3209 953 3282 postules.
999 3206 1082 3271 Men.
1106 3207 1143 3286 V,
1174 3209 1203 3286 2,
1234 3209 1291 3270 43:

138 3303 204 3364 Una
234 3322 329 3379 opera
350 3307 523 3380 probibere,
552 3309 589 3368 ad
616 3323 719 3368 cenam
742 3325 779 3366 ne
802 3308 971 3382 promittat,
995 3308 1134 3381 postules.
1177 3321 1206 3368 r.
1233 3307 1291 3369 45:

137 3401 210 3463 dare
233 3403 278 3462 illi
301 3420 393 3476 opera
416 3423 540 3480 pensum
556 3405 695 3479 postules.
743 3401 781 3482 V,
799 3407 827 3481 a,
844 3407 899 3467 21:
922 3405 1015 3465 Tuum
1038 3406 1094 3465 tibi
1116 3423 1171 3481 ego
1195 3421 1291 3479 neque

139 3516 283 3572 55555555
305 3518 401 3576 neque
419 3504 595 3576 praeripere
612 3505 739 3576 postrato.
774 3499 842 3565 Mil.
859 3499 900 3578 ΙΙ,
918 3507 947 3580 5,
964 3506 1019 3564 271
1043 3505 1164 3564 Falsum
1186 3519 1291 3562 nomen

132 3599 298 3672 pandere,
329 3601 596 3673 Philocomasium,
620 3602 764 3676 postulas.
814 3597 929 3663 Pseud.
953 3598 1012 3678 ΙΙΙ,
1036 3602 1065 3677 2,
1089 3602 1143 3662 62;
1181 3603 1226 3660 dn
1258 3607 1291 3660 tu

137 3695 271 3756 inuenire
297 3700 435 3770 postules
469 3717 645 3775 quemquam
680 3713 812 3773 coquom.
856 3695 954 3761 Poen·
977 3696 1036 3775 ΙΙΙ,
1060 3702 1088 3774 5,
1112 3697 1167 3760 31;
1205 3698 1290 3772 Lupo

137 3811 243 3868 egnum
267 3796 380 3868 erepere
398 3799 562 3871 postulant.
607 3795 687 3860 aad.
711 3792 790 3873 prol·
812 3807 841 3856 v.
867 3797 905 3857 17
913 3815 920 3854 :
946 3796 1003 3869 Qui
1024 3796 1072 3855 hio
1095 3797 1176 3856 litem
1198 3795 1293 3870 opteri

134 3893 289 3964 postulent
310 3897 452 3969 periurio.
474 3893 588 3958 ·Truc·
605 3893 662 3973 lv,
679 3898 709 3972 2,
727 3898 779 3956 l'i:
803 3895 917 3954 Stultus
940 3911 982 3970 es,
1005 3895 1055 3969 qui
1077 3893 1158 3954 iacta
1180 3893 1293 3952 infecta

138 3992 236 4062 faeere
258 3995 358 4054 verbis
373 3996 517 4068 penedes
562 3991 687 4057 Terent.
711 3991 809 4055 Andr.
825 3985 881 4068 IV,
901 3993 927 4068 l,
945 3995 999 4055 22;
1022 3991 1122 4052 Etiam
1145 4007 1223 4051 5555
1244 4007 1292 4049 me

140 4089 242 4154 diram
272 4094 338 4151 istis
367 4093 454 4152 dictis
478 4093 637 4166 postolos?
680 4107 708 4150 v.
733 4091 791 4154 36:
827 4107 883 4151 nec
907 4091 1081 4163 portendat
1106 4106 1182 4149 nuno
1210 4089 1291 4162 quis·

141 4205 225 4264 paam
258 4207 381 4248 uxorem
408 4191 488 4250 dare.
543 4187 677 4270 Adelph.
701 4185 743 4266 ΙΙ,
768 4191 797 4266 2,
823 4192 879 4252 3οε
916 4190 975 4249 Per
1004 4190 1229 4264 oppressionem
1259 4190 1294 4245 at
