3076 4762
576 176 615 216 on
630 176 727 220 uobis.
743 199 767 210 -
781 179 983 232 ruruneurvus.
1267 197 1326 260 135

165 367 329 439 locutione
361 369 586 449 imperativum
617 373 844 456 praeponere.“
893 375 945 442 Sic
975 377 1071 444 Most.
1102 376 1161 447 ΙΙΙ,
1193 381 1326 448 2‚163:

163 468 230 531 Aba·
248 471 321 530 hinc
345 471 489 533 diereete.
506 467 586 534 Rud.
610 469 666 551 IV,
683 476 712 544 2,
733 475 791 538 126
814 477 921 540 tamen
937 475 1165 540 Fleckeiseuus
1181 471 1326 557 scripsit:

168 569 248 644 Quin
271 568 398 630 dierectc
417 569 487 629 itu.
534 565 683 649 Inprimis
712 573 1007 639 commemorandus
1038 579 1089 636 est
1116 573 1328 655 imperativus

164 683 224 742 cpe
245 674 399 742 sequente
421 663 485 732 alio
508 664 705 746 imperativo.
762 667 814 734 Sic
837 667 941 734 Plaut.
966 669 1056 752 Oapt.
1082 668 1106 739 Ι,
1133 675 1161 742 2,
1186 655 1327 748 76:130

169 765 210 825 sis
227 782 307 838 roga,
331 762 372 827 ad
392 779 422 843 q.
439 764 457 828 l.
475 762 629 851 Gronov:
652 763 865 846 „Plerumque
881 765 1018 832 formula
1032 786 1086 844 ope
1100 771 1143 830 ets
1158 785 1231 833 cum
1246 767 1328 834 alius

170 859 260 924 verbi
286 859 474 941 imperativo
504 859 666 942 ponitur.“
695 861 761 927 Mil.
792 863 850 943 ΙΙΙ,
880 870 908 944 3,
940 871 994 930 54:
1024 866 1091 941 Ape
1124 869 1216 942 igitur
1246 869 1329 928 intro

168 959 248 1021 obite
271 958 330 1036 (sic
346 957 592 1041 Lindemannus‚
616 959 817 1033 Ritschclius,
838 961 1079 1034 Fleckeiseuus‚
1102 981 1164 1036 non
1187 973 1259 1026 cum
1274 980 1328 1028 ve·

154 1058 237 1122 viere
261 1055 368 1120 codice
384 1055 450 1123 Pal.
474 1060 575 1132 abac).
598 1057 680 1122 Rud.
704 1056 764 1130 ΙΙΙ,
789 1063 817 1138 5,
842 1064 897 1124 28:
921 1060 995 1135 Age,
1019 1064 1097 1122 alter
1120 1063 1219 1138 istinc,
1250 1064 1329 1124 alter

169 1154 239 1222 binc
257 1155 402 1224 *ambita
428 1153 557 1219 Terent.
580 1156 660 1220 Eun.
683 1154 739 1234 IV,
763 1161 793 1236 4,
818 1161 875 1221 27:
898 1158 965 1232 Ape
987 1159 1057 1220 dam
1080 1161 1136 1220 boe
1160 1160 1200 1218 mi
1221 1160 1327 1234 ecpadi

168 1252 308 1314 Primum.
354 1250 513 1332 Sequente
536 1251 643 1318 futuro
667 1252 764 1316 Andr.
788 1252 843 1332 IV,
867 1259 896 1327 2,
921 1241 975 1320 30':
1000 1261 1073 1332 Age,
1098 1259 1223 1318 veniam.

256 1347 322 1412 Lex
350 1347 474 1414 Numae
502 1367 554 1431 ap.
578 1351 710 1416 Festum
744 1369 774 1414 v.
798 1355 897 1428 opima
920 1357 1017 1441 spolie
1040 1353 1173 1436 OEgger.
1197 1372 1227 1435 p.
1252 1355 1325 1432 831:

170 1447 274 1508 bovem
297 1449 417 1508 caedito.
441 1446 492 1512 lb:
516 1451 546 1510 in
563 1452 671 1512 Martis
687 1468 768 1512 aram
793 1481 831 1494 -
856 1452 977 1514 caedito.
1003 1455 1105 1514 Tertia
1128 1455 1225 1528 spolia
1241 1455 1330 1514 lanui

173 1548 298 1620 Quirino
321 1565 428 1622 agnum
451 1565 563 1608 marem
587 1549 709 1622 caedito,
735 1551 756 1610 O
779 1551 829 1626 qui
845 1553 959 1627 ceperit
976 1569 1011 1612 eu
1029 1569 1109 1623 aere,
1132 1551 1220 1624 dcto;
1245 1553 1329 1613 cuius

170 1646 305 1720 auspicio
328 1653 426 1720 capta,
458 1647 510 1706 Dis
532 1648 682 1720 piaculum
708 1647 788 1708 dcto.
835 1644 901 1710 Lex
927 1645 1057 1727 Papiria
1085 1645 1251 1710 tribunitia
1278 1664 1329 1728 ap.

172 1738 292 1820 Egger.
314 1759 345 1821 p.
373 1746 431 1806 113
455 1747 494 1813 (a.
518 1739 589 1804 Chr.
614 1744 704 1822 213):
740 1747 913 1821 Quicunque
941 1755 1063 1821 praetor
1099 1753 1169 1820 post
1199 1747 1256 1808 boc
1284 1745 1329 1808 ia-

171 1847 237 1902 ctus
250 1843 318 1915 erit,
331 1843 380 1916 qui
389 1841 472 1907 iuter
484 1843 564 1903 cives
576 1844 621 1904 ius
634 1843 722 1918 dicet,
736 1851 798 1904 tres
812 1846 889 1906 viros
903 1827 1047 1920 capitales
1064 1846 1203 1918 populum
1216 1847 1329 1922 rogato,

172 1939 260 2016 hique
271 1969 310 1980 —·
319 1939 471 1998 iudicando
483 1940 643 2016 eodemque
657 1943 719 2001 iure
728 1945 824 2001 sunto.
851 1939 931 2004 Cato
944 1939 980 2002 R.
995 1939 1031 2004 lt.
1046 1957 1070 2003 c.
1086 1944 1118 2002 1:
1135 1943 1177 2002 sic
1190 1943 1220 2000 in
1233 1944 1330 2003 animo

172 2036 284 2096 babeo.
301 2033 347 2099 lb.
368 2037 398 2095 id
412 2040 538 2101 animum
552 2038 708 2098 advertito.
720 2035 765 2101 lb.
785 2037 804 2114 ἐ
817 2044 835 2100 4
849 2040 967 2101 Caveto.
988 2035 1034 2102 Ib.
1049 2041 1081 2100 et
1093 2033 1109 2118 ἓ
1123 2042 1140 2100 5
1154 2039 1262 2100 videto.
1282 2035 1329 2101 ΙΙ).

162 2129 190 2213 .§
207 2136 225 2196 6
241 2135 333 2195 Scito.
358 2130 390 2196 C.
408 2138 425 2196 2
443 2136 550 2196 videto.
574 2133 607 2198 0.
626 2139 658 2198 3:
678 2135 809 2210 Cogitato
826 2139 982 2212 quotannis
999 2142 1194 2213 tempestates
1207 2155 1329 2214 magnas

175 2235 287 2294 venire.
333 2229 367 2294 O.
391 2223 426 2296 4':
450 2233 558 2292 Villam
581 2233 724 2294 urbanam
746 2254 801 2310 pro
824 2237 911 2310 copia
927 2235 1090 2306 aedificato.
1136 2231 1198 2297 lu:
1216 2236 1329 2295 Vicinis

172 2331 269 2394 bonus
291 2334 358 2394 esto.
404 2326 438 2390 C.
463 2331 481 2392 5
502 2329 701 2408 praegressis
725 2330 932 2398 coniunctivis
955 2331 1136 2410 praesentis
1152 2333 1332 2413 sequuntur

178 2426 372 2507 imperativi:
407 2431 501 2490 Boves
533 2431 660 2490 maxima
699 2431 854 2506 diligentia
891 2436 1010 2491 curatos
1042 2430 1154 2492 habeto.
1190 2431 1332 2493 Bubulcis

177 2527 343 2600 careaco
363 2559 406 2570 —
427 2528 520 2601 facito
548 2560 589 2570 —
619 2531 718 2588 coacto
752 2560 789 2570 -
818 2529 904 2604 legito
933 2531 1006 2592 celi.
1038 2525 1071 2590 Ο.
1103 2530 1131 2590 8.
1165 2531 1194 2592 9.
1225 2525 1258 2590 C.
1290 2529 1332 2591 83

175 2627 279 2703 liceto,
305 2624 355 2689 ubi
378 2627 543 2704 comparat
563 2623 728 2690 Rottboell
750 2633 897 2701 oporteto,
920 2626 1005 2706 quod
1029 2625 1125 2690 Festo
1148 2623 1180 2687 in
1202 2629 1333 2688 occisum

178 2727 211 2785 et
237 2725 336 2800 opima
362 2727 458 2801 spolia
481 2721 610 2786 restitui
631 2722 733 2790 voluit
756 2721 908 2804 Scaliger.
953 2722 1047 2788 Ennii
1075 2721 1334 2803 heduphagetica

177 2837 206 2881 v.
230 2825 263 2884 5:
286 2825 460 2898 Aprieulum
481 2824 596 2899 piscem
618 2823 690 2883 scito
716 2824 844 2897 primum
873 2840 938 2884 esse
970 2825 1102 2882 Tarenti.
1119 2819 1234 2888 ,Plana
1264 2817 1333 2885 Mil.

175 2916 233 2997 IV,
257 2921 286 2996 6,
309 2922 345 2982 2:
367 2918 501 2992 Aspicito
524 2921 614 2980 limis.
639 2917 754 2982 Pseud.
778 2917 837 2998 ΙΙΙ,
862 2923 891 2996 2,
915 2923 954 2981 67
978 2936 1060 2999 sqq:
1084 2929 1115 2980 ut
1145 2921 1231 2981 huius
1262 2936 1331 2979 ocu-

176 3020 222 3078 los
245 3020 275 3078 in
299 3019 392 3078 oculis
417 3019 526 3077 habeas
551 3020 618 3076 tuis.
666 3019 788 3092 Quoquo
812 3019 860 3078 hic
890 3019 1047 3092 spectabit,
1078 3035 1113 3078 eo
1144 3026 1176 3077 tu
1205 3021 1332 3091 spectato

173 3119 280 3178 semul.
313 3117 402 3193 Siqua
426 3115 474 3176 hic
496 3116 660 3192 gradietur,
683 3117 798 3190 pariter
820 3113 878 3192 [tu]
903 3116 1135 3189 progredimioo.
1164 3113 1258 3177 Poeu.
1290 3111 1328 3186 V,

177 3218 208 3292 5,
232 3217 265 3276 2:
289 3216 360 3275 Tum
385 3214 522 3289 proiecto
545 3231 591 3272 me
620 3214 676 3273 sibi
705 3213 830 3272 habento
858 3231 978 3274 scurrae
1016 3213 1190 3274 ludificatui.
1234 3208 1330 3276 Stich.

177 3308 202 3380 I,
227 3315 255 3382 2,
281 3313 333 3376 1.0:
356 3314 455 3388 Siquis
473 3318 603 3388 quaeret
626 3329 681 3384 me,
704 3312 772 3372 inde
799 3316 929 3372 oocctctc
959 3313 1060 3386 aliqui.
1104 3308 1253 3390 Inprimis
1276 3325 1331 3372 no·

178 3408 255 3474 und
430 3410 505 3470 ucito
565 3407 627 3472 uod
662 3400 829 3488 περιφράζει
860 3407 924 3472 aliu
992 3407 998 3419 '
1057 3423 1074 3470 e
1115 3407 1223 3473 tivum.
1278 3405 1331 3472 sic

203 3524 270 3570 oen.
316 3505 354 3577 V,
378 3512 406 3586 2,
433 3512 506 3570 124:
546 3507 651 3566 Facto
680 3525 720 3566 ars
749 3525 780 3566 re
825 3525 866 3568 as.
912 3509 1042 3575 4,108:
1077 3504 1199 3582 Patrue¹
1237 3507 1330 3578 facito

174 3610 206 3668 iu
235 3609 406 3668 memoriam
437 3609 559 3666 habeas.
583 3603 710 3668 Terent·
734 3601 868 3683 Adelph.
892 3602 949 3680 ΙΙΙ,
973 3608 1003 3682 4,
1028 3609 1085 3666 55:
1124 3607 1180 3666 hoc
1218 3612 1250 3666 tu
1283 3605 1332 3678 fc-

175 3709 232 3768 cito
256 3724 321 3766 cum
345 3707 443 3765 auimo
467 3705 589 3779 cogites.
612 3701 730 3766 Heaut.
753 3698 810 3774 IV,
834 3706 862 3774 6,
888 3706 926 3764 22
951 3717 1034 3780 sqq:
1058 3703 1117 3763 Sed
1139 3710 1226 3778 pater
1248 3721 1333 3779 egre·

176 3807 263 3866 ditur.
294 3821 364 3866 cave
396 3803 553 3878 quicquam
576 3802 738 3862 admiratus
773 3803 825 3880 sis,
863 3803 927 3876 Qua
964 3819 1055 3860 causa
1092 3801 1121 3860 id
1151 3801 1216 3863 fiat:
1253 3804 1332 3862 obsc-

174 3904 303 3964 euocato
318 3903 347 3962 in
365 3903 445 3968 loco:
470 3900 555 3974 Quod
578 3900 738 3973 imperabit
759 3899 869 3972 facito:
894 3900 1021 3974 loquitor
1043 3902 1180 3974 paucula.
1196 3896 1331 3978 Adelph.

175 3998 214 4078 V,
251 4003 282 4079 8,
325 4004 381 4062 17:
416 3999 461 4058 Da
498 4007 528 4059 te
564 3997 698 4070 largitor,
735 4016 817 4072 puer.
870 3995 985 4060 Heaut.
1024 3993 1067 4066 ΙΙ,
1110 3997 1135 4074 l,
1174 4002 1208 4063 9:
1245 3999 1332 4057 Nunc

177 4101 219 4160 ait
257 4101 414 4176 ‘periclum
452 4116 487 4157 ex
525 4098 591 4156 aliis
629 4085 730 4168 facito,
767 4098 822 4156 tibi
858 4096 929 4171 quid
966 4113 1002 4154 ex
1040 4114 1093 4156 usu
1135 4091 1210 4156 siet.’
1246 4091 1333 4154 Non·

174 4213 337 4276 uunquam
372 4195 431 4260 hac
464 4192 646 4274 imperativi
680 4190 782 4258 forma
813 4192 857 4257 nil
892 4192 953 4256 nisi
984 4191 1145 4256 concessio
1173 4186 1333 4270 siguifica-
