3036 4766
481 158 628 200 DOCTRINA
657 158 890 200 Pauurcunauuu.
1211 169 1272 231 357

110 343 180 424 (Sic
202 345 348 413 Hundius
370 348 402 412 in
427 345 604 414 Tursellino
626 345 684 424 IV,
706 365 735 429 p.
764 347 845 423 173).
897 347 995 430 Legg.
1025 347 1087 413 XII
1116 349 1203 416 tabb.
1234 349 1272 430 V,

108 441 148 507 tr.
173 449 207 508 3:
233 449 273 508 Ut
297 450 422 522 legassit
445 465 536 524 super
558 450 686 522 pecunia
710 451 840 509 tutelaae
864 465 935 509 snae
958 450 1020 525 rei,
1045 451 1088 510 ita
1118 452 1163 512 ius
1198 458 1273 524 esto,

110 541 168 606 ubi
190 541 272 608 falso
316 541 475 609 Funccius
496 546 673 623 praeeunte
696 543 798 609 Paulo
825 543 866 608 de
896 542 984 608 verb.
1017 543 1120 625 signif.
1149 565 1183 608 oe
1213 563 1272 630 pro

108 639 328 717 praepositum
351 639 477 721 accipit.
523 639 603 707 Cato
625 639 663 705 R.
686 641 723 706 R.
747 659 772 707 c.
797 647 833 707 2:
856 645 958 706 videto
980 652 1053 719 quot
1076 645 1139 706 dies
1163 661 1275 721 quaeve

110 755 205 815 opera
227 759 283 816 per
306 741 431 803 imbrem
451 739 518 801 fieri
541 743 703 815 potuerint.
742 739 803 805 la:
829 758 939 819 quaeue
955 743 1070 818 reliqua
1086 759 1179 818 opera
1194 748 1272 804 sunt.

7 883 8 888 1
109 835 207 900 Ennii
235 835 459 902 Andromacha
490 835 706 903 Acchmalotis
733 836 770 904 ir.
798 844 832 905 9:
862 857 953 916 quoue
981 857 1061 901 nunc
1088 841 1209 901 Auxilio
1231 869 1274 882 -

110 933 191 996 treta
226 936 301 998 siml
346 933 453 1000 Satur.
491 933 511 998 l.
546 934 610 1014 111,
643 933 682 1000 fr.
716 942 750 1017 7,
779 957 807 1002 v.
841 941 897 1002 17:
933 939 1063 1011 Quamne
1098 941 1274 998 columnam.

111 1029 241 1095 Terent.
266 1031 346 1095 Eun.
371 1031 410 1110 V,
434 1035 468 1104 5,
491 1035 545 1096 25:
569 1037 719 1111 Numquid
742 1043 789 1098 est
815 1037 907 1097 Aliud
934 1037 1005 1097 mali
1034 1036 1169 1096 domnice
1196 1036 1275 1110 qnod

113 1149 174 1192 non
198 1132 309 1192 dixeris
332 1131 507 1194 Relicuoml

200 1232 251 1292 48.
300 1230 524 1292 cuaamcdoaes
557 1231 702 1294 causales.
758 1230 806 1294 De
839 1228 1007 1311 particulis
1036 1231 1114 1291 euim
1143 1231 1177 1292 et
1203 1245 1275 1289 nom

112 1325 187 1389 vide
209 1326 241 1388 in
265 1326 448 1392 universum
471 1326 689 1408 disputantem
705 1327 807 1392 Hand.
825 1328 866 1407 II,
883 1346 912 1409 p.
931 1332 992 1393 374
1008 1344 1055 1407 sq.
1093 1325 1272 1405 Utriusque

7 1447 8 1450 ¹
111 1427 219 1488 antem
241 1424 418 1504 particulae
442 1443 514 1489 cum
542 1424 606 1489 hoo
626 1443 792 1490 commune
816 1445 886 1493 esse
916 1425 1016 1504 dicat,
1046 1427 1088 1488 ut·
1103 1424 1274 1488 veritatem

110 1521 247 1587 alicuius
278 1523 327 1586 rei
357 1522 407 1586 vel
441 1523 617 1588 sententiae
650 1523 787 1588 veritate
817 1525 899 1590 alius
930 1523 977 1589 rei
1010 1527 1061 1586 vel
1088 1521 1272 1603 argumenti

112 1619 327 1698 demonstret,
351 1619 529 1699 particulae
551 1623 635 1696 euim,
651 1621 714 1684 vim
738 1621 897 1701 triplicem
922 1639 992 1688 esse
1007 1621 1118 1699 docet,
1149 1618 1275 1700 exposi-

112 1717 227 1795 tionis,
252 1715 536 1797 comprobationis,
560 1718 817 1784 asseverationis.

200 1832 227 1878 a.
273 1814 414 1878 Primum
444 1814 544 1896 igitur
570 1819 647 1878 emm
675 1821 852 1895 usurpatur
885 1817 919 1879 in
953 1817 1165 1898 expositione,
1202 1805 1275 1896 qua,

112 1911 200 1992 quod
227 1913 446 1978 antecedentis
475 1913 653 1978 sententiae
681 1914 851 1978 veritatem
879 1914 1022 1980 illustret
1050 1920 1106 1978 aut
1133 1913 1277 1978 stabiliat

113 2013 146 2076 et
170 2008 359 2089 constituat,
378 2011 558 2092 apponitur,
575 2010 629 2077 ubi
644 2011 796 2076 Germani
812 2011 922 2077 dicunt
937 2009 1107 2091 ntulit).
1153 2008 1271 2091 (Hand.

113 2125 143 2188 p.
169 2109 255 2184 376.)
295 2106 417 2174 Comici
433 2110 582 2175 dixerunt
601 2114 637 2170 al
652 2111 745 2188 culm,
762 2127 800 2170 ae
814 2110 893 2172 mmm
908 2115 942 2174 et
956 2114 1029 2186 qula
1044 2113 1129 2172 euim.
1167 2108 1274 2173 Plaut.

114 2205 186 2271 Cas.
212 2205 260 2283 II,
285 2210 320 2282 3,
345 2211 402 2272 50:
436 2211 477 2270 Ut
503 2210 581 2274 eada
607 2208 686 2284 trogi
713 2225 800 2270 servo
827 2212 914 2272 detur
944 2211 1044 2286 potius
1072 2225 1158 2284 quam
1189 2225 1275 2268 servo

113 2306 250 2381 inprobo.
301 2304 394 2384 Epid.
418 2304 468 2386 ΙΙ,
492 2309 526 2385 2,
550 2306 605 2370 94:
630 2307 671 2368 Ut
700 2307 777 2366 calm
805 2310 974 2384 praestines
998 2313 1131 2382 argento.
1178 2302 1273 2366 Most.

112 2399 153 2482 V,
178 2407 212 2481 1,
235 2406 289 2467 46;
315 2405 391 2477 Quid
412 2403 478 2464 ital
522 2401 586 2467 TR.
610 2406 730 2465 Nullam
754 2423 816 2466 rem
841 2409 937 2482 sapis:
968 2405 1015 2466 Ne
1039 2405 1116 2466 calm
1143 2404 1189 2463 illi
1216 2402 1274 2462 huo

114 2500 275 2576 coningere
300 2503 416 2576 possint
439 2505 515 2566 cett.
560 2500 673 2582 Amph.
697 2500 745 2582 II,
770 2507 806 2583 2,
831 2507 885 2569 34:
913 2503 999 2580 Quia·
1023 2503 1101 2563 enlm
1124 2519 1192 2563 sero
1223 2502 1275 2561 ad·

113 2601 257 2661 venimus.
303 2595 393 2677 Capt.
417 2597 472 2677 IV,
497 2601 532 2675 2,
559 2604 636 2663 104:
659 2602 738 2678 Quia
761 2603 839 2662 calca
860 2605 933 2663 itam
957 2615 1083 2676 asperae
1107 2602 1183 2662 Sunt
1197 2601 1271 2662 cett.

112 2694 271 2761 Lindemc
295 2694 438 2775 „scilicet
460 2696 549 2775 quia,
573 2693 723 2762 nimirum
746 2697 862 2777 quod.“
887 2697 980 2765 Cure.
1003 2697 1071 2777 III,
1097 2702 1129 2775 1,
1154 2699 1203 2760 72.
1222 2699 1272 2758 79.

115 2791 188 2859 Cas.
212 2792 262 2874 11,
286 2798 321 2873 3,
343 2799 384 2858 44
406 2811 469 2858 non
492 2798 565 2870 qesta
587 2798 665 2857 enim
686 2795 859 2878 legendum
883 2802 947 2874 est,
971 2795 1056 2878 qnod
1079 2797 1151 2870 quia
1166 2808 1275 2876 mono·

117 2890 276 2974 syllabum
305 2909 376 2956 esse
404 2909 468 2956 non
494 2897 617 2972 potest,
655 2899 853 2974 quapropter
887 2893 1089 2959 Hermanuus
1123 2893 1156 2956 in
1190 2909 1274 2956 cens.

115 2988 330 3070 Kampmunni
353 2989 392 3052 de
414 2991 477 3051 AB
501 2995 584 3069 part.
607 2996 784 3070 praeeunte
807 2990 918 3054 Rcizio
941 2995 1027 3070 recte
1051 2995 1129 3052 calm
1146 2988 1273 3054 delevit.

115 3084 185 3152 Cae.
221 3085 269 3164 ΙΙ,
294 3090 331 3165 6,
357 3091 413 3150 33:
446 3089 527 3166 Quia
560 3091 638 3150 euim
665 3098 779 3164 metuo,
812 3107 848 3150 ne
879 3093 910 3150 in
939 3107 1015 3167 aqua
1045 3107 1158 3150 summa
1182 3095 1274 3149 natet.

114 3184 209 3264 Epid.
233 3183 280 3263 H,
305 3189 341 3254 2,
368 3188 441 3251 116;
467 3184 615 3266 Quidum?
651 3185 712 3250 ΕΡ.
730 3190 810 3266 Quia
832 3189 910 3247 enlm
926 3189 1082 3248 mulierem
1099 3188 1175 3248 alius
1190 3187 1275 3244 illam

114 3286 292 3346 adulescens
327 3284 452 3359 deperit.
508 3279 622 3348 Bacch.
659 3283 691 3364 Ι,
728 3291 764 3364 1,
801 3287 858 3350 16:
898 3286 977 3363 Quia
1009 3286 1087 3346 enim
1119 3286 1275 3359 intellego.

113 3381 209 3446 Most.
232 3379 272 3459 V,
299 3385 329 3457 l,
352 3385 409 3444 49:
432 3383 511 3459 Quia
533 3385 611 3446 caim
633 3385 664 3444 id
687 3401 821 3446 maxume
844 3386 927 3460 volo,
957 3391 990 3445 ut
1013 3385 1086 3447 cett.
1123 3378 1189 3444 Mil.
1213 3377 1274 3459 III,

114 3484 150 3559 2,
174 3484 233 3543 21:
258 3479 336 3556 Quia
359 3481 437 3540 euim
460 3483 611 3555 opsorbui.
657 3479 816 3546 Lindem:
840 3479 1010 3560 „nimirum
1032 3479 1091 3544 hac
1114 3479 1154 3544 de
1177 3495 1276 3542 causa

116 3593 180 3642 non
202 3575 285 3646 bibi,
310 3575 384 3654 quia
407 3576 548 3641 sorbui.“
570 3577 625 3656 IV,
650 3583 684 3657 2,
717 3581 766 3642 ll.
790 3584 825 3658 4,
855 3586 890 3642 4:
920 3581 999 3657 <lala
1029 3580 1107 3639 cuim
1130 3595 1188 3639 non
1211 3593 1275 3637 sum

116 3678 222 3752 dignus
244 3693 318 3750 prae
342 3684 389 3752 te,
413 3682 447 3734 ut
468 3675 556 3750 figam
578 3680 679 3752 palum
703 3678 911 3752 inperialem.
956 3675 1053 3740 Merc.
1070 3672 1134 3754 Ill,
1157 3679 1191 3752 4,
1217 3677 1275 3738 63:

114 3776 194 3852 Quia
215 3774 293 3832 enlm
316 3790 362 3832 me
386 3772 521 3834 adflictat
543 3793 634 3835 amor.
679 3772 796 3838 Pseud.
821 3771 853 3850 I,
878 3777 913 3850 3,
938 3778 997 3838 91:
1019 3775 1097 3852 Quin
1120 3775 1200 3834 enlm
1214 3790 1274 3833 non

114 3874 251 3937 venalem
274 3873 333 3934 iam
354 3872 450 3932 habeo
473 3871 674 3932 Phoenicium.
719 3869 786 3948 III,
811 3875 848 3949 2,
874 3874 922 3934 15.
968 3869 1056 3935 Pers.
1080 3869 1135 3947 IV,
1158 3875 1188 3947 4,
1211 3873 1271 3933 43:

116 3971 192 4044 Quid
216 3969 280 4032 ita?
326 3965 390 4031 TO.
417 3965 499 4046 Quin
517 3969 599 4029 calm
630 3977 658 4030 te
683 3988 719 4030 ex
752 3973 854 4045 puella
883 3970 968 4045 prins
996 3970 1170 4044 percontari
1197 3970 1275 4030 volo.

114 4067 197 4134 aud.
221 4066 276 4145 IV,
300 4072 336 4142 4,
362 4069 416 4128 72:
439 4067 519 4143 Quia
541 4069 618 4126 euim
640 4085 736 4144 nequa
761 4071 885 4142 loquens
909 4085 941 4128 es
966 4083 1061 4142 neque
1085 4073 1189 4126 tacens
1212 4082 1277 4124 um·

113 4185 201 4243 quam
226 4169 347 4228 bonus*
375 4162 469 4227 True.
492 4162 539 4244 ΙΙ,
565 4168 596 4242 2,
622 4168 674 4228 11;
698 4166 770 4240 quio
792 4167 871 4225 caim
915 4181 960 4224 me
985 4164 1198 4224 Truculentum
1222 4179 1277 4221 no·
