3090 4768
487 192 525 240 DE
540 191 734 232 TEMPORIBUS.
749 213 771 222 -
789 191 943 232 PRAESENS.
1236 200 1276 262 63

125 379 211 444 idem
241 379 326 460 quod
353 399 389 442 aa
415 400 472 456 quo
500 379 667 462 significet.
711 379 782 445 Non
810 387 897 445 recte
921 389 1026 445 autem
1050 381 1277 450 Fleckeisenus

127 495 227 543 exerc.
251 476 353 542 Plaut.
370 497 399 559 p.
418 483 457 543 29
481 485 562 551 (curn
587 497 649 559 quo
672 479 780 546 confer
803 497 970 544 censuram
992 478 1173 562 Ladewigii,
1196 499 1278 562 quae

124 581 173 641 est
201 577 234 639 in
257 576 410 642 Zeitschr.
439 575 460 641 i.
484 577 546 641 Ait.
574 583 670 658 1844,
698 595 797 642 mens.
827 575 884 640 lnl.
908 595 936 641 n.
963 581 1017 660 78,
1040 596 1069 658 p.
1096 577 1172 660 626)
1200 597 1280 644 non·

125 673 218 739 nullis
241 673 318 740 locis
340 675 402 740 huc
424 676 661 754 pertinentibus
682 677 714 740 in
737 675 925 756 particulam
942 682 1100 752 postquam
1123 675 1280 758 significa·

126 773 244 836 tionem
274 772 431 846 causalem
462 793 489 837 v.
514 777 653 849 quautam
679 773 798 839 inferre
828 774 969 853 volebat,
1001 789 1095 854 quam
1118 791 1278 854 nunqnam

125 875 235 950 potest
257 869 387 950 habere,
417 871 511 935 imino
535 877 604 937 tota
625 872 831 937 conformatio
854 873 1032 936 sententiae
1054 889 1280 952 nonnunquam

126 969 201 1033 talis
225 976 283 1040 est,
307 974 344 1032 ut
364 975 494 1050 praeter
516 971 669 1051 temporis
693 971 787 1034 etiam
820 987 935 1035 causae
964 968 1151 1052 significatio
1181 989 1280 1054 appa-

125 1074 203 1131 reat.
249 1066 409 1132 Incertum
431 1068 588 1147 quomodo
617 1069 832 1150 accipiendum
857 1069 899 1133 sit
921 1074 972 1132 est
994 1068 1173 1148 exemplum
1194 1069 1282 1149 apud

126 1165 266 1228 Ennium
296 1165 397 1228 annal.
425 1165 444 1230 i.
474 1166 499 1247 Ι,
521 1166 560 1231 ir.
583 1171 641 1232 48:
677 1169 835 1241 Postquam
863 1170 995 1229 aoaasat
1019 1169 1132 1230 fluvius.
1176 1167 1281 1231 Plaut.

131 1262 223 1328 Cure.
247 1263 292 1342 ΙΙ,
318 1270 346 1343 3,
370 1267 428 1328 ida
462 1269 543 1340 Quae
567 1270 620 1328 tihi
645 1277 713 1327 sunt
733 1274 848 1342 parata,
867 1272 1025 1341 postquam
1046 1269 1154 1328 scimea
1176 1277 1281 1350 uentu-

126 1383 199 1424 rum.
246 1361 366 1425 Eodem
390 1364 483 1428 niodo
506 1363 598 1429 Truc.
623 1362 664 1443 ΙΙ,
689 1370 718 1443 3,
743 1369 795 1428 24:
830 1385 907 1426 nunc
923 1370 1081 1440 postquam
1103 1367 1162 1426 soto
1185 1369 1281 1427 Dulce

126 1472 214 1537 atque
240 1479 370 1522 amarum
399 1467 470 1539 quid
498 1467 537 1524 sit
566 1481 602 1524 ex
623 1467 758 1539 pecunia.
804 1461 862 1527 His
885 1462 1009 1528 duobus
1032 1462 1109 1526 locis
1129 1479 1282 1542 praesens

128 1558 217 1622 verbi
247 1561 322 1621 seire
351 1560 390 1624 de
420 1559 554 1640 longiori
584 1561 736 1640 temporis
767 1561 870 1640 spatio
894 1561 1032 1641 positum
1056 1567 1106 1625 est
1128 1559 1283 1642 praeteri-

129 1665 197 1724 tum
225 1669 258 1724 et
279 1675 428 1741 praesens
453 1657 695 1738 complementa
717 1659 880 1734 postquam
896 1663 955 1722 soto
976 1688 1019 1710 -—-
1041 1665 1208 1740 postquam
1232 1675 1286 1722 re·

132 1759 209 1823 scivi
241 1765 275 1823 et'
295 1776 378 1822 nunc
401 1775 527 1841 qunque
551 1756 625 1831 scio,
656 1755 701 1819 ita
724 1764 760 1819 ut
781 1756 812 1820 id
833 1757 1039 1838 exprimatur,
1067 1745 1150 1838 quoii
1172 1775 1212 1821 ex
1233 1773 1285 1820 re-

128 1856 292 1921 sciscendo
324 1856 537 1935 consequitur.
583 1855 653 1920 Cae.
679 1855 720 1932 ΙΙ,
745 1859 771 1926 3,
797 1865 828 1919 u:
857 1860 907 1934 qui
933 1863 1087 1932 postquam
1111 1874 1177 1916 amo
1200 1859 1282 1918 Oasi-

128 1975 207 2024 nsm‚
247 1957 340 2031 magis
378 1955 492 2016 mundis
530 1954 680 2038 munditiis
718 1958 890 2016 munditiam
924 1957 1044 2016 antideo
1078 1951 1137 2033 (sic
1173 1953 1281 2019 Herm.

129 2051 219 2116 elem.
251 2051 280 2116 d.
311 2071 350 2116 m.
375 2073 404 2130 p.
428 2050 513 2131 413).
558 2051 649 2133 Epid.
674 2051 733 2132 Ill,
756 2059 786 2131 t,
811 2057 863 2117 68:
898 2055 1058 2130 Postquam
1082 2053 1203 2115 liberast
1224 2055 1283 2115 Ubi

128 2153 242 2212 habitet
272 2153 354 2228 dum,
388 2154 504 2212 incerto
536 2154 597 2212 scio
629 2151 671 2228 (h.
704 2168 731 2214 e.
763 2168 801 2213 ex
824 2169 861 2214 eo
893 2156 1052 2231 tempore,
1087 2167 1150 2229 quo
1179 2147 1281 2215 libera

117 2247 210 2334 ‚iacta
234 2255 298 2328 est,
328 2249 450 2313 incerto
479 2248 554 2313 scivi
577 2253 609 2314 et
631 2267 713 2312 nunc
736 2264 867 2328 qnoque>
884 2247 1007 2312 incerto
1031 2247 1120 2322 sciui·
1164 2247 1280 2312 Bacch.

25 2409 26 2432 3
127 2343 185 2422 ΙΙΙ,
210 2349 239 2426 6,
264 2350 298 2409 2:
315 2353 474 2422 postquam
496 2351 593 2409 inanis
616 2367 689 2409 sum.
733 2345 828 2409 Most.
852 2344 911 2425 ΙΙΙ,
935 2349 962 2421 3,
987 2350 1042 2409 22:
1076 2347 1173 2420 qnid?
1196 2346 1281 2408 tihin'

127 2463 264 2521 umquam
288 2449 452 2525 quicquam,
470 2451 628 2521 postquam
650 2455 717 2507 tuus
740 2463 813 2512 sum,
836 2446 992 2505 verborum
1016 2445 1106 2504 dedi?
1140 2443 1222 2507 Men.
1240 2442 1283 2522 ΙΙ,

129 2547 158 2620 1,
181 2547 214 2607 9:
250 2547 306 2604 Hie
335 2564 429 2606 anuas
460 2553 588 2612 sextust,
616 2550 775 2619 postquam
802 2545 828 2603 ei
857 2545 901 2602 rei
929 2559 1050 2618 operam
1073 2542 1191 2607 damus,
1227 2539 1284 2606 ubi

128 2637 288 2719 significat
318 2660 351 2706 se
382 2643 477 2705 etiam
501 2659 583 2707 nunc
606 2659 733 2722 operans
758 2641 845 2704 dare.
890 2637 1005 2703 Pseud.
1029 2639 1053 2716 Ι,
1079 2645 1107 2718 3,
1132 2644 1172 2702 62
1197 2655 1282 2718 sqq:

150 2741 230 2800 Heus
259 2748 302 2813 tu,
325 2745 485 2814 postquam
507 2744 608 2802 hercle
633 2744 683 2802 isti
707 2760 724 2800 a
746 2757 848 2800 mensa
870 2744 998 2812 sarpam
1019 2739 1166 2816 [saturata
1189 2736 1283 2814 cate],

155 2837 210 2910 Qui
235 2857 318 2898 suum
345 2839 458 2916 [quom]
483 2848 631 2915 repetunt,
656 2843 782 2912 alienum
805 2838 935 2896 reddunt
957 2845 1027 2900 neto
1050 2839 1170 2911 nemini,

152 2937 278 2996 Postilla
301 2955 402 2997 omnes
426 2941 574 2998 cautiores
598 2947 666 2998 sunt
689 2957 725 2996 ne
748 2937 874 2996 credant
897 2937 994 3010 alteri,

127 3032 181 3097 ubi
205 3033 244 3098 de
268 3033 392 3098 actione
414 3033 566 3112 loquitur,
597 3050 679 3112 quae
702 3033 790 3112 prius
812 3030 898 3094 tacta
920 3034 970 3094 est
991 3038 1023 3095 ct
1045 3050 1127 3096 nunc
1150 3049 1278 3112 qnoque

127 3128 171 3196 fii.
219 3130 311 3196 Truc.
335 3117 394 3209 ΙΙΙ,
419 3135 448 3212 2,
474 3136 526 3195 14:
545 3137 701 3208 postquam
724 3135 753 3191 in
778 3133 879 3191 urbem
904 3132 1009 3192 erebro
1032 3149 1164 3199 commeo,
1187 3134 1284 3192 Dieax

128 3249 193 3292 sum
216 3230 324 3291 iactus.
369 3230 407 3310 V,
432 3235 488 3294 27:
520 3234 620 3292 Iamne
646 3233 719 3309 abis,
744 3233 902 3303 postquam
930 3247 1031 3290 auram
1055 3231 1166 3290 habes?
1200 3229 1282 3294 he.

131 3327 284 3406 accepisti
316 3333 349 3392 et
377 3345 460 3392 nunc
490 3327 598 3392 habes.
642 3327 705 3392 Pro
735 3343 811 3390 vero
835 3331 943 3388 tamen
966 3324 1106 3405 perlecto
1130 3344 1285 3406 praesens

127 3426 274 3504 positum
297 3430 347 3489 est
370 3424 461 3491 anc.
480 3426 559 3490 Stat.
577 3425 813 3490 hathelosae:
844 3426 914 3486 Oum
938 3426 1089 3486 Mercurio
1112 3431 1192 3503 capit
1213 3447 1284 3488 oon-

132 3528 240 3599 silium‚
262 3529 417 3600 postquam
439 3527 570 3588 semttuat
584 3511 675 3600 satis,
698 3523 753 3588 ubi
768 3524 820 3588 vix
836 3521 962 3586 credam
979 3527 1109 3586 sentinat
1125 3541 1194 3588 esse
1212 3531 1287 3604 pe'r·

133 3621 252 3686 fectum
287 3627 484 3687 contractum
519 3641 557 3686 ex
592 3627 759 3686 seminavit.
797 3621 969 3701 (sentinare
1003 3649 1046 3671 =
1079 3626 1130 3685 sat
1163 3622 1301 3703 agere).⁴

130 3718 257 3783 Terent.
286 3717 411 3784 Phorm.
435 3721 514 3799 prol.
538 3740 565 3782 v.
593 3727 624 3783 l:
658 3723 816 3795 Postquam
845 3729 934 3797 poeta
963 3729 1047 3782 vetus
1077 3729 1195 3796 poetam
1225 3741 1285 3783 non

126 3823 221 3890 potest
251 3820 417 3880 Retrahere
446 3853 489 3864 —-
518 3829 613 3894 parat.
658 3817 736 3882 Hae.
766 3817 820 3896 IV,
850 3824 880 3898 t,
911 3821 965 3881 58:
1000 3821 1099 3892 Nunc,
1127 3825 1286 3893 postquam

132 3915 302 3991 ademptam
325 3920 401 3978 hanc
424 3937 538 3995 quoque
562 3921 758 3979 tibi'causam
779 3917 875 3991 vides,
898 3951 940 3960 -
964 3923 1068 3978 nactas
1092 3920 1218 3978 alteram
1242 3936 1285 3980 es.

134 4011 268 4093 Adelph.
293 4013 330 4092 V,
357 4021 384 4094 Ι,
409 4019 441 4080 3:
461 4022 619 4090 postquam
641 4018 720 4076 intus
742 4033 808 4075 sum
831 4019 957 4075 omnium
981 4033 1080 4074 rerum
1098 4023 1187 4078 satur.
1222 4015 1286 4078 Eo-

131 4108 203 4174 dem
226 4111 320 4176 modo
349 4113 444 4176 etiam
467 4133 554 4188 quom
583 4119 773 4191 usurpatum
801 4116 851 4175 est
873 4110 974 4175 Plaut.
999 4108 1070 4174 Acii.
1095 4110 1173 4190 prol.
1198 4129 1224 4174 v.
1249 4117 1285 4172 4²

133 4208 210 4269 hanc
234 4212 350 4286 domum
373 4213 435 4272 Iam
458 4215 566 4273 multos
590 4229 682 4273 annos
705 4219 751 4271 est
774 4227 860 4283 quom
877 4211 1019 4284 possideo.
