3076 4762
253 213 315 271 110
676 200 803 240 vestinis.
819 219 840 227 -
858 200 920 242 ctu.
934 203 983 242 1111.

247 409 388 471 nequeo,
417 391 443 456 si
475 389 569 454 lubet
593 389 758 453 sciscitari.
804 390 879 454 Heu.
903 389 928 467 1,
954 395 1067 467 2,117
1091 409 1152 472 sq:
1188 393 1264 466 Quid
1288 395 1406 468 egerint

250 493 331 550 inter
355 507 402 562 se,
426 508 485 549 non
506 491 577 571 ,dum
601 490 688 548 etiam
714 491 789 551 scio:
821 490 892 550 Nisi
915 508 985 550 sane
1010 496 1135 550 curaest.
1180 488 1222 567 Π,
1246 493 1273 566 3,
1297 493 1316 552 6
1340 506 1406 569 sq:

249 605 304 647 uec
328 589 378 672 qti
401 589 459 648 hoc
482 589 520 646 mi
544 588 662 648 eueniat
685 588 761 648 scio:
791 587 862 647 Nisi
883 592 933 662 pol
956 588 1047 648 filium
1071 589 1251 648 multimodis
1274 589 1333 674 iam
1356 579 1427 647 erc-¹

243 688 312 758 peto
335 686 410 747 cett.
464 680 598 762 Adelph.
621 681 647 759 Ι,
672 685 699 750 2,
725 687 765 745 73
790 701 852 763 sq:
886 703 956 744 ecce
981 693 1078 746 autem
1111 688 1146 744 de
1176 687 1308 760 integro:
1343 686 1404 745 atsi
1519 747 1520 754 ,

250 783 390 857 quidquid
420 790 466 843 est
491 783 564 844 Volo
592 783 679 842 scire.
724 779 779 858 IV,
805 785 832 857 2,
858 787 875 844 5
899 798 961 860 sq:
988 801 1105 859 nequeo
1129 785 1201 843 satis
1225 785 1404 846 decernere:

248 881 318 939 Nisi
339 881 498 940 —crcdo

317 962 363 1040 ι3.
387 995 412 1040 e.
435 978 623 1038 Iadicctc‘uus
642 975 678 1038 in
697 978 979 1051 interrogationibus
1001 979 1126 1051 obliquis
1148 993 1308 1050 eorumque
1322 978 1406 1038 mmi-

250 1076 327 1136 ttius
355 1075 611 1160 emundationibus
640 1079 795 1138 abiecistis.
848 1073 1139 1164 Frequentissimus
1169 1079 1219 1136 est
1246 1073 1296 1137 hic
1323 1071 1406 1137 iudi·

249 1171 372 1235 cativus
395 1173 540 1251 inprimis
563 1172 648 1252 apud
672 1173 823 1248 comicos
853 1174 892 1236 de
919 1173 1008 1236 cuius
1030 1190 1126 1236 causa
1149 1169 1296 1250 exposuit
1318 1169 1405 1234 Haa-

249 1269 314 1333 sius
337 1268 376 1342 ad
398 1269 576 1350 Reisigium
600 1289 629 1350 p.
647 1275 708 1334 597
732 1287 798 1348 sqq.
822 1271 930 1334 adnot.
955 1275 1026 1347 504,
1049 1270 1104 1349 qui
1127 1269 1246 1346 repetit
1268 1287 1339 1332 eum
1364 1286 1402 1333 ex

250 1384 399 1430 sermone
422 1368 579 1448 populari,
603 1369 633 1434 iu
658 1385 721 1446 quo
745 1351 999 1432 'enunciationum
1023 1384 1116 1430 uuam
1140 1365 1180 1428 ab
1203 1367 1305 1429 altera
1326 1383 1409 1445 pem·

249 1463 325 1527 dere
358 1461 452 1528 iacile
485 1465 668 1546 negligatur
704 1473 736 1530 et
763 1483 845 1546 quae
880 1484 897 1530 e
929 1464 996 1528 sola
1024 1463 1217 1544 cogitatione
1247 1479 1405 1542 suspensa

249 1565 339 1641 suut,
375 1561 560 1640 saepissime
599 1569 749 1643 tanquam
786 1558 869 1628 iacta
902 1563 1006 1626 antimo
1040 1565 1265 1642 proponantur.
1322 1560 1402 1625 Vide

249 1658 345 1721 eliam
373 1658 666 1724 Weissenboruium
696 1661 728 1724 in
758 1667 839 1743 synt.
869 1679 898 1740 p.
924 1665 985 1726 327
1017 1678 1062 1738 sq.
1092 1658 1199 1722 adnot.
1242 1657 1403 1722 Nonnulla

248 1759 356 1818 tanuen
385 1775 444 1836 per
466 1759 726 1823 exclamationem
755 1759 905 1838 explicari
927 1760 1075 1837 possunt,
1103 1756 1134 1818 iu
1162 1754 1322 1819 nonnullis
1346 1757 1403 1820 du-

247 1851 334 1915 bium
359 1868 428 1918 esse
456 1863 578 1936 potest,
609 1863 716 1920 utrum
745 1874 918 1936 pronomen
949 1872 1007 1934 pro
1029 1854 1258 1934 interrogativo
1280 1873 1321 1917 au
1344 1871 1403 1933 pro

247 1949 383 2015 relativo
407 1953 450 2018 sit
471 1955 699 2034 accipiendum,
723 1953 894 2032 nonnullae
918 1954 1014 2016 etiam
1030 1953 1298 2031 interrogationes
1314 1955 1404 2014 recta

250 2047 452 2114 distinctione
475 2051 560 2123 iacta
582 2035 746 2116 habendae
771 2056 865 2115 eruut
886 2069 944 2130 pro
967 2047 1272 2128 interrogationibus
1295 2047 1401 2112 rectis.
1519 2053 1520 2058 ’

248 2143 300 2210 Sic
327 2147 495 2214 relativum
527 2168 599 2215 esse
630 2150 758 2213 videtur
784 2149 863 2213 Cato
890 2149 927 2212 R.
948 2147 984 2210 R.
1014 2165 1038 2211 c.
1069 2149 1100 2210 6:
1135 2148 1258 2207 Vineam
1288 2165 1345 2220 quc
1372 2149 1401 2206 in

248 2251 321 2320 agro
343 2251 462 2310 conseri
484 2255 603 2324 oportet,
628 2253 670 2312 sic
694 2245 906 2317 cesarnoni.
931 2264 956 2310 e.
980 2245 1014 2310 iu
1036 2261 1074 2307 eo
1096 2259 1186 2324 agro,
1214 2243 1246 2307 in
1269 2260 1332 2322 quo
1355 2246 1404 2320 (ut

247 2340 309 2404 iam
334 2345 437 2425 scies),
460 2344 553 2409 vinea
575 2347 772 2412 conserenda
795 2351 854 2421 est,
878 2345 957 2406 haec
980 2342 1161 2406 observato.
1200 2339 1296 2403 Initio
1319 2341 1404 2419 capi-

247 2437 289 2500 ris
316 2444 355 2502 10
376 2440 495 2522 legitur
516 2444 721 2509 indicativus:
746 2447 898 2519 Quomodo
922 2446 1031 2503 oletum
1057 2442 1119 2516 agri
1144 2429 1277 2513 iugerum
1298 2439 1402 2500 CCXL

247 2537 397 2607 instruere
420 2547 538 2614 oportet,
561 2543 651 2622 quod·
668 2541 883 2621 inscriptionis
900 2541 1007 2602 instar·
1032 2545 1090 2614 est,
1114 2535 1191 2598 item
1220 2535 1310 2599 initio
1335 2554 1401 2615 cap.

251 2636 303 2700 ll:
342 2639 494 2710 Quomodo
517 2643 631 2699 vineam
661 2643 793 2715 iugorum
818 2641 849 2700 (l.
874 2642 1022 2700 iustruere
1047 2638 1166 2708 oportet.
1212 2631 1322 2696 Oratio
1345 2651 1403 2713 pro
1519 2645 1520 2660 ¹

248 2731 366 2798 iiiios:
403 2738 547 2814 Cogitate,
576 2745 686 2812 quanto
710 2757 762 2798 nos
786 2741 865 2798 iuter
889 2756 941 2798 nos
965 2737 1102 2812 privatim
1127 2725 1404 2803 cautius'fucimus

248 2828 313 2908 ubi,
338 2849 419 2908 quae
443 2838 621 2912 sequuntur
643 2842 716 2914 post
731 2837 863 2910 cogitate,
889 2851 946 2912 pro
970 2829 1199 2894 exclamatione
1214 2827 1314 2907 accipi
1332 2847 1404 2907 pos·

249 2932 333 2991 sunt.
378 2928 483 2994 Plaut.
511 2929 624 3010 Amph.
650 2933 728 3011 prul.
753 2953 780 2996 v.
807 2937 860 2996 50:
898 2935 983 2992 Nouo
1012 2949 1097 3006 quum
1126 2931 1252 2989 obrem
1285 2939 1403 2988 oratum

248 3029 306 3087 hue
329 3029 409 3112 uerti,
436 3034 561 3106 primum
585 3035 756 3107 proloquar.
802 3029 826 3108 I,
854 3038 879 3108 l,
906 3033 978 3092 204.
1023 3025 1069 3089 lb.
1094 3043 1122 3088 v.
1147 3029 1222 3087 221:
1254 3027 1403 3100 Loquere,

250 3126 320 3202 quid
355 3128 483 3190 venisti?
515 3144 578 3190 nou
611 3129 751 3207 pertinet
783 3126 860 3206 huc,
894 3144 966 3192 uam
1000 3122 1079 3186 haec
1112 3126 1160 3184 est
1193 3120 1403 3200 iuterrogatio

249 3225 347 3286 recta.
392 3224 551 3288 Lindem:
585 3225 668 3304 „duo
702 3230 777 3289 sunt
810 3225 952 3300 diversa,
984 3238 1118 3300 quorum
1147 3219 1248 3298 priori
1275 3217 1406 3282 iubetur
1519 3253 1520 3270 .

249 3318 364 3398 aliquis
387 3339 567 3386 sermonem
593 3321 697 3387 iacere
721 3321 920 3402 simpliciter3
951 3320 1089 3384 alterum
1109 3321 1220 3380 'autem
1243 3315 1406 3394 quaestio·

248 3435 320 3480 nem
355 3419 524 3484 confinetf‘
568 3419 615 3486 Ib.
646 3441 677 3485 v.
705 3425 776 3486 268.
814 3421 839 3500 I,
865 3426 892 3504 3,
917 3423 952 3482 9:
984 3421 1181 3480 observatote
1217 3433 1283 3475 eum
1317 3432 1404 3491 quum

248 3517 358 3577 blande
387 3521 585 3594 suppalparier
611 3523 737 3581 mulieri.
785 3518 871 3582 Asin.
895 3516 920 3594 1,
945 3521 974 3593 2,
999 3519 1051 3578 23;
1089 3515 1137 3572 Ac
1159 3515 1288 3574 scelesta
1316 3513 1403 3572 viden
1519 3529 1520 3570 t

249 3620 284 3674 ut
305 3634 341 3674 ue
364 3618 393 3676 id
418 3619 534 3694 quidem
558 3637 603 3678 me
628 3619 745 3691 dignum
769 3636 835 3678 esse
858 3617 1025 3676 existumat.
1064 3608 1123 3688 ΙΙΙ,
1148 3613 1176 3687 3,
1199 3614 1258 3671 46:
1284 3611 1402 3669 Videtin
1519 3615 1520 3620 ’

249 3714 354 3786 uiginti
376 3718 472 3775 minae
495 3715 567 3788 quia
582 3715 696 3788 pollent
716 3716 823 3788 quidue
842 3713 987 3787 possunt?
1032 3709 1070 3788 V,
1095 3715 1123 3785 2,
1142 3712 1195 3771 34:
1219 3709 1318 3768 Audin
1334 3704 1406 3778 quid

250 3810 316 3869 uit?
360 3809 430 3873 Ani.
454 3808 477 3888 Ι,
505 3819 531 3889 l,
556 3819 588 3876 7:
613 3816 677 3873 vide
700 3818 735 3874 ut
753 3813 877 3872 Incedit.
921 3828 951 3873 v.
973 3813 1007 3871 8:
1031 3814 1063 3869 at
1085 3809 1158 3880 scin,
1182 3805 1327 3881 quomodo
1351 3803 1404 3862 tibi

250 3926 300 3967 res
324 3927 355 3967 se
379 3910 488 3970 ludet?
514 3928 543 3972 u.
568 3913 622 3971 24:
646 3913 711 3970 Neu
727 3911 944 3985 persentiscat,
966 3925 1068 3967 aurum
1091 3903 1171 3964 ctist
1192 3900 1403 3962 absconditum.
1519 3909 1520 3946 i

249 4021 278 4064 v.
304 4007 358 4066 26:
380 4007 466 4066 Nunc
487 4010 546 4084 ibo,
570 4015 601 4066 ut
625 4010 727 4076 visam,
751 4012 829 4067 estne
850 4009 894 4066 ita
917 4003 974 4076 (sic
990 4001 1075 4084 Apg)
1099 4019 1202 4064 aurum
1225 4007 1258 4059 ut
1274 3997 1401 4058 condidi.

249 4098 293 4176 ΙΙ,
319 4105 345 4178 1,
371 4105 425 4166 52:
449 4107 526 4178 Scio,
551 4106 619 4180 quid
643 4107 761 4164 dictura
782 4121 820 4164 cs.
866 4117 894 4164 v.
912 4107 967 4164 ts:
989 4103 1100 4172 nescio,
1124 4099 1201 4158 uude
1225 4113 1292 4156 sese
1316 4097 1402 4156 homo

249 4197 355 4273 recipit
376 4203 502 4261 domum.
547 4199 602 4277 IV,
626 4205 655 4275 9,
675 4205 714 4266 19τ
750 4203 807 4262 Dic
835 4203 940 4273 igitur,
964 4199 1032 4272 quis
1054 4195 1148 4256 habat.
1193 4190 1284 4272 Gapt.
1308 4189 1350 4270 ll,
1376 4193 1403 4266 1,
1519 4205 1520 4214 ¹
