3076 4762
566 164 606 203 DE
621 164 716 206 nonis.
729 183 754 196 ·-
769 162 992 204 conlunculvns.
1286 171 1342 236 181

188 358 252 420 284
272 371 339 432 sep:
371 357 465 429 Quom
487 387 529 398 -
553 358 705 416 clamaret.
750 348 808 430 ΙΙΙ,
829 355 865 432 8,
889 357 944 416 67;
975 354 1165 426 quambene
1194 354 1243 417 hio
1265 351 1347 414 faeta

187 455 225 516 ed
249 457 327 514 huno
350 454 448 526 faeiat
468 455 594 516 modurn.
639 451 704 516 ldil.
725 449 780 528 IV,
804 454 834 528 8,
860 454 897 514 16
922 467 982 530 squ
1012 453 1087 512 Nam
1118 453 1289 524 admiror,
1321 452 1348 515 si

187 555 327 618 lubenter
356 585 397 596 -
426 553 474 612 llio
501 570 588 629 eres,
618 553 712 628 Quom
738 569 793 626 ego
823 569 941 627 servos,
969 548 1227 627 quondo'espioio
1258 550 1347 623 huno,

186 653 350 712 muman
377 653 447 726 quie
477 653 680 726 disiungimur.
726 647 814 713 Pers.
838 646 881 726 ΙΙ,
903 655 933 718 4,
957 649 1011 710 2οι
1035 648 1167 708 Tandem
1191 656 1223 706 nt
1246 649 1345 720 liceat,

187 750 282 825 Quom
305 765 408 810 servos
430 751 483 820 sie,
508 767 624 810 servom
647 751 701 808 tibi
724 750 801 810 male
826 749 936 808 dicere.
982 743 1075 808 Truo.
1099 741 1125 821 Ι,
1150 749 1178 820 2,
1206 748 1346 806 reznam

187 865 315 923 peregre
337 847 491 924 menius,
517 864 610 908 noent
633 848 729 908 detur.
775 842 827 910 Sic
844 843 1023 909 Goellerus.
1051 839 1101 921 Θρ
1125 839 1272 920 quoniam.
1297 844 1346 922 Ap

185 947 244 1022 ffun-
270 943 350 1023 nep
372 955 490 1008 centur.
516 942 609 1022 Vulg.
635 951 667 1008 et
688 942 826 1007 Peneus:
851 960 976 1018 peregre
1001 961 1066 1004 cum
1089 943 1220 1002 aduenis.
1252 938 1347 1004 Goel-

185 1040 262 1118 leri,
286 1040 342 1120 qui
363 1040 607 1108 oouiunotivunr·
626 1041 746 1120 posuit,
777 1039 932 1104 eorrectio
955 1038 1124 1104 admodum
1148 1038 1272 1102 incerta
1295 1042 1346 1102 est

183 1139 236 1202 vel
262 1149 395 1220 propter
425 1137 565 1217 reliquas
596 1138 828 1217 discrepantias
860 1138 1049 1216 scripturae.
1095 1136 1222 1202 Terent.
1246 1136 1345 1200 Andr.

174 1237 223 1312 ·V,
247 1245 277 1314 l,
300 1239 356 1303 41:
380 1241 464 1313 Egon
490 1240 575 1300 huius
599 1240 771 1298 memoriam
797 1241 907 1312 partior¹
924 1255 1008 1298 ureae
1031 1238 1187 1312 Voluptati
1214 1236 1344 1310 obstare,

182 1355 272 1412 quom
295 1355 351 1413 ego
379 1339 490 1410 possim
523 1339 552 1394 in
587 1338 643 1396 nec
665 1355 697 1396 re
729 1337 871 1398 medicari
898 1334 994 1396 mihi?
1039 1332 1119 1397 Eun.
1145 1330 1210 1410 ΙΙΙ,
1234 1336 1264 1410 5,
1290 1336 1345 1396 18;

185 1437 280 1514 Quom
302 1438 384 1511 ipsus
408 1453 453 1496 me
475 1436 559 1494 noris
581 1451 668 1510 qnam
692 1437 814 1510 elegans
837 1434 997 1496 formarum
1022 1441 1176 1510 speetator
1199 1434 1281 1493 siem.

269 1535 298 1604 o)
345 1530 523 1612 Cognatum
546 1531 665 1596 ausae
688 1540 738 1596 est
759 1551 863 1606 qaam,
891 1531 976 1608 qnod
998 1530 1116 1594 dicitur
1138 1531 1342 1592 emesenam.

183 1628 299 1694 Naevii
314 1629 540 1711 Gymnaetious
555 1628 593 1694 l'r.
612 1634 644 1692 3:
667 1633 795 1707 Edepol,
813 1633 938 1706 Cupido,
962 1649 1028 1690 oum
1051 1639 1111 1690 tam
1133 1631 1279 1704 pausillus
1293 1630 1345 1698 eis,

183 1731 271 1790 nimis
300 1733 422 1790 multum
451 1733 540 1790 vales.
584 1726 688 1792 Plane.
712 1727 803 1808 Capi.
828 1727 883 1806 IV,
907 1733 943 1806 2,
970 1732 1047 1792 112:
1078 1729 1199 1790 dublum
1222 1728 1345 1788 habebis

182 1831 291 1902 etiarn,
317 1835 420 1888 saneta
448 1846 534 1902 quom
568 1847 622 1902 epo
644 1831 741 1890 iurem
772 1825 847 1890 tini?
892 1825 1019 1890 Terent.
1043 1825 1141 1890 Andr.
1166 1823 1209 1902 ΙΙ,
1234 1831 1262 1902 3,
1287 1822 1348 1888 2οΞ

182 1932 231 1998 nt,
253 1943 342 1999 quom
364 1929 447 2001 uelit,
471 1929 527 1989 tibi
549 1931 613 1988 iure
637 1930 726 1988 iresei
750 1947 808 1990 nou
831 1937 929 2003 quent.

269 2027 319 2087 25.
365 2024 551 2093 Coniunctio
575 2025 713 2090 causalis
728 2027 806 2100 quoe
821 2043 891 2090 oum
913 2021 1114 2088 coniunctivo
1130 2020 1343 2100 coniungitur,

181 2119 210 2184 si
233 2137 331 2185 oense
353 2116 542 2197 exprimitur
565 2141 626 2188 non
650 2123 815 2200 obieotiva,
839 2123 894 2186 sed
918 2121 1062 2200 pendens
1088 2119 1341 2200 excogitatione

180 2218 319 2284 subiecti
342 2219 582 2300 enuntiationis,
606 2221 691 2301 qnod
713 2221 753 2286 ab
777 2238 824 2297 eo,
848 2220 902 2298 oui
918 2219 1076 2298 loquitur,
1100 2218 1260 2284 diversum
1284 2221 1343 2282 est.

180 2316 233 2382 Sic
255 2315 355 2384 Plane.
382 2317 472 2382 Asin.
496 2318 555 2398 ΙΙΙ,
580 2325 610 2397 2,
634 2326 692 2384 37:
716 2323 766 2380 ubi
790 2321 1147 2396 hospitemlnolamouit,
1170 2317 1255 2394 Quod
1277 2333 1344 2376 sese
1374 2331 1383 2420 5

180 2427 308 2492 apsente
329 2419 402 2478 mihi
430 2418 519 2478 fidem
548 2421 658 2480 habere
687 2421 836 2482 noluisset.
882 2416 1035 2482 Similiter
1065 2423 1116 2479 est
1138 2413 1343 2494 explicandus

180 2512 402 2578 ooniunotivus
425 2521 499 2594 post
521 2518 599 2591 pund
620 2517 745 2596 positus
772 2534 963 2597 praegresso
980 2515 1085 2584 ¹verbo
1109 2513 1228 2579 soiendi
1252 2512 1338 2576 Asin.

179 2609 213 2689 Ι,
239 2616 273 2692 l,
298 2617 353 2677 37:
383 2616 530 2691 Equidem
558 2617 618 2678 soto
650 2619 707 2677 iarn
731 2617 810 2680 filins
840 2617 919 2690 quoe
947 2620 1026 2676 ornet
1053 2633 1135 2676 meus
1160 2617 1259 2674 let-ane
1282 2629 1342 2672 me·

181 2713 334 2787 neminen,
357 2711 397 2776 de
420 2728 482 2792 quo
505 2713 578 2777 vide
601 2712 718 2794 Reisig.
741 2731 771 2794 p.
797 2718 857 2778 602
874 2731 920 2792 sq.
960 2713 1156 2792 Praegressa
1170 2708 1342 2790 negatione

180 2805 343 2890 signifieat
365 2810 586 2875 coniunctivus
609 2824 737 2878 eausam
760 2811 847 2880 illam
875 2829 937 2876 non
967 2829 1006 2874 en
1034 2810 1185 2888 veritate,
1217 2807 1274 2872 sed
1303 2823 1343 2870 ex

182 2906 377 2988 cogitatione
400 2911 527 2976 tanturn
550 2926 740 2989 suspensum
764 2928 842 2976 osee.
888 2910 1003 2990 Amph.
1027 2908 1059 2986 l,
1084 2915 1113 2985 3,
1136 2915 1236 2986 4sq.:
1267 2908 1345 2980 Quid

177 3001 339 3082 temneat,
360 3010 401 3068 nni
425 3010 478 3078 sir,
502 3011 619 3084 negoti,
643 3010 722 3084 qaod
753 3020 785 3071 to
808 3017 868 3072 tenr
892 3013 989 3072 subito
1013 3011 1098 3070 domo
1122 3003 1241 3070 Abeeel
1288 3003 1342 3069 lU.

179 3105 300 3180 Edepol
323 3107 398 3168 tuat
418 3107 496 3180 pand
518 3109 630 3166 tuine
654 3117 750 3182 neque
775 3107 852 3168 dorni
874 3107 1046 3168 distaedeat.

269 3205 318 3274 26.
363 3203 413 3268 De
436 3203 639 3284 quadruplici
660 3201 892 3284 significatione
917 3201 1146 3268 coniunctionis
1177 3202 1247 3262 nam
1268 3198 1342 3262 uide

179 3316 264 3378 qnae
293 3301 355 3377 §7
389 3301 602 3382 exposuimus.
653 3299 807 3366 Omnibus
836 3310 944 3368 autern
973 3300 1023 3366 his
1058 3296 1343 3380 significationibus

181 3397 280 3461 etiam
303 3416 375 3463 oum
399 3400 600 3464 coniunctivo
624 3399 771 3480 coniungi
788 3405 904 3479 potest.
935 3397 969 3476 a)
987 3398 1020 3463 si
1036 3396 1195 3479 significat
1217 3397 1343 3460 initium

178 3495 323 3574 aequalis
342 3498 478 3564 aetionis
500 3496 669 3577 (redirent,
693 3497 817 3577 intem),
840 3503 964 3562 tantum
979 3513 1188 3578 praegressus
1204 3495 1344 3574 impera·

178 3594 267 3658 tivus
294 3593 418 3660 efficere
445 3601 566 3675 potest,
594 3602 631 3660 ut
659 3599 730 3660 dam
756 3614 827 3662 eum
856 3597 1055 3662 coniunctivo
1085 3597 1244 3675 iungatur.
1290 3591 1342 3657 Sic

179 3690 260 3756 Ceto
284 3693 322 3758 R.
344 3693 381 3757 R.
405 3712 430 3759 e.
449 3699 502 3758 76:
525 3698 647 3770 operito,
669 3697 740 3758 dnm
757 3699 905 3772 inspicies,
928 3699 975 3758 bis
997 3706 1049 3758 out
1071 3707 1127 3756 ter.

267 3791 300 3867 b)
345 3791 378 3857 si
400 3795 472 3854 ἀωκ
487 3792 658 3858 terminum
674 3792 842 3874 significat,
866 3795 907 3858 ad
922 3812 1015 3874 quem
1031 3793 1187 3871 temporis
1203 3793 1342 3871 spatium

180 3888 309 3954 duabus
332 3891 430 3957 rebus
453 3909 617 3956 commune
642 3894 830 3973 producitur
853 3896 907 3970 (=
924 3893 1044 3957 tamdiu
1067 3908 1172 3971 quern,
1196 3889 1226 3966 io
1251 3890 1344 3972 longa

180 3984 256 4062 oid).
288 3989 337 4053 De
359 3989 559 4055 coniunctivo
581 3991 615 4055 in
636 3990 696 4057 hae
717 3989 949 4072 significatione
965 3991 1072 4071 posito
1085 3990 1158 4057 vide
1180 3989 1341 4054 Handium

183 4084 321 4150 Turseli.
344 4103 375 4167 p.
391 4086 437 4167 ΙΙ,
453 4093 531 4153 317:
556 4088 716 4169 „Possunt
731 4091 813 4155 duee
836 4107 888 4154 res
903 4089 1054 4170 aequales
1077 4089 1123 4154 ite
1137 4085 1283 4162 conferri,
1306 4089 1344 4146 ut

183 4184 281 4250 simul
303 4203 402 4249 nexus
425 4195 581 4266 appareat
603 4189 747 4268 interior,
770 4205 832 4266 quo
855 4187 1026 4254 elimenes
1047 4195 1104 4254 aut
1127 4183 1342 4252 conditionem
