<?xml version="1.0" encoding="UTF-8"?>
<!DOCTYPE html PUBLIC "-//W3C//DTD XHTML 1.0 Transitional//EN"
    "http://www.w3.org/TR/xhtml1/DTD/xhtml1-transitional.dtd">
<html xmlns="http://www.w3.org/1999/xhtml" xml:lang="en" lang="en">
 <head>
  <title>
</title>
<meta http-equiv="Content-Type" content="text/html;charset=utf-8" />
  <meta name='ocr-system' content='tesseract 3.04.00' />
  <meta name='ocr-capabilities' content='ocr_page ocr_carea ocr_par ocr_line ocrx_word'/>
</head>
<body>
  <div class='ocr_page' id='page_1' title='image "./syntaxispriscor02holtgoog_0215.png"; bbox 0 0 3048 4770; ppageno 0'>
   <div class='ocr_carea' id='block_1_1' title="bbox 192 124 915 198">
    <p class='ocr_par' dir='ltr' id='par_1_1' title="bbox 192 124 915 198">
     <span class='ocr_line' id='line_1_1' title="bbox 192 124 915 198; baseline -0.029 -11"><span class='ocrx_word' id='word_1_1' title='bbox 192 135 253 198; x_wconf 84' lang='lat'><strong>196</strong></span> <span class='ocrx_word' id='word_1_2' title='bbox 622 125 749 166; x_wconf 85' lang='lat' dir='ltr'><strong>vnanunr.</strong></span> <span class='ocrx_word' id='word_1_3' title='bbox 778 124 841 165; x_wconf 78' lang='lat' dir='ltr'><strong>ean.</strong></span> <span class='ocrx_word' id='word_1_4' title='bbox 856 124 915 166; x_wconf 76' lang='lat' dir='ltr'><strong>nris.</strong></span> 
     </span>
    </p>
   </div>
   <div class='ocr_carea' id='block_1_2' title="bbox 189 313 1348 592">
    <p class='ocr_par' dir='ltr' id='par_1_2' title="bbox 189 313 1348 592">
     <span class='ocr_line' id='line_1_2' title="bbox 190 313 1348 397; baseline -0.008 -16"><span class='ocrx_word' id='word_1_5' title='bbox 190 323 323 382; x_wconf 86' lang='lat' dir='ltr'><strong>haereat.</strong></span> <span class='ocrx_word' id='word_1_6' title='bbox 368 324 404 397; x_wconf 98' lang='lat'><strong>4,</strong></span> <span class='ocrx_word' id='word_1_7' title='bbox 430 319 486 382; x_wconf 81' lang='lat'><strong>18:</strong></span> <span class='ocrx_word' id='word_1_8' title='bbox 515 334 567 389; x_wconf 91' lang='lat' dir='ltr'><strong>ne,</strong></span> <span class='ocrx_word' id='word_1_9' title='bbox 590 316 616 378; x_wconf 86' lang='lat' dir='ltr'><strong>ei</strong></span> <span class='ocrx_word' id='word_1_10' title='bbox 639 315 733 391; x_wconf 78' lang='lat' dir='ltr'><strong>magis</strong></span> <span class='ocrx_word' id='word_1_11' title='bbox 761 317 900 378; x_wconf 72' lang='lat' dir='ltr'><strong>inritatus</strong></span> <span class='ocrx_word' id='word_1_12' title='bbox 922 315 994 391; x_wconf 80' lang='lat' dir='ltr'><strong>aiei,</strong></span> <span class='ocrx_word' id='word_1_13' title='bbox 1023 315 1132 390; x_wconf 87' lang='lat' dir='ltr'><strong>Aliqua</strong></span> <span class='ocrx_word' id='word_1_14' title='bbox 1161 313 1199 374; x_wconf 87' lang='lat' dir='ltr'><strong>ad</strong></span> <span class='ocrx_word' id='word_1_15' title='bbox 1228 319 1348 388; x_wconf 86' lang='lat' dir='ltr'><strong>patrem</strong></span> 
     </span>
     <span class='ocr_line' id='line_1_3' title="bbox 190 411 1347 494; baseline -0.004 -17"><span class='ocrx_word' id='word_1_16' title='bbox 190 419 247 480; x_wconf 87' lang='lat' dir='ltr'><strong>hoe</strong></span> <span class='ocrx_word' id='word_1_17' title='bbox 271 425 435 494; x_wconf 86' lang='lat' dir='ltr'><strong>permanet.</strong></span> <span class='ocrx_word' id='word_1_18' title='bbox 482 411 546 492; x_wconf 91' lang='grc' dir='ltr'>ΙΙΙ,</span> <span class='ocrx_word' id='word_1_19' title='bbox 571 415 606 490; x_wconf 82' lang='lat'><strong>2,</strong></span> <span class='ocrx_word' id='word_1_20' title='bbox 629 415 686 478; x_wconf 79' lang='lat'><strong>56:</strong></span> <span class='ocrx_word' id='word_1_21' title='bbox 714 419 748 474; x_wconf 89' lang='lat' dir='ltr'><strong>ut</strong></span> <span class='ocrx_word' id='word_1_22' title='bbox 769 430 858 486; x_wconf 77' lang='lat' dir='ltr'><strong>quom</strong></span> <span class='ocrx_word' id='word_1_23' title='bbox 880 431 955 486; x_wconf 89' lang='lat' dir='ltr'><strong>opus</strong></span> <span class='ocrx_word' id='word_1_24' title='bbox 977 413 1018 473; x_wconf 81' lang='lat' dir='ltr'><strong>sit</strong></span> <span class='ocrx_word' id='word_1_25' title='bbox 1040 429 1076 472; x_wconf 88' lang='lat' dir='ltr'><strong>ns</strong></span> <span class='ocrx_word' id='word_1_26' title='bbox 1100 413 1130 471; x_wconf 92' lang='lat' dir='ltr'><strong>in</strong></span> <span class='ocrx_word' id='word_1_27' title='bbox 1154 429 1237 473; x_wconf 87' lang='lat' dir='ltr'><strong>mera</strong></span> <span class='ocrx_word' id='word_1_28' title='bbox 1259 411 1347 472; x_wconf 87' lang='lat' dir='ltr'><strong>nobis</strong></span> 
     </span>
     <span class='ocr_line' id='line_1_4' title="bbox 189 509 1209 592; baseline -0.006 -16"><span class='ocrx_word' id='word_1_29' title='bbox 189 516 257 577; x_wconf 87' lang='lat' dir='ltr'><strong>siet.</strong></span> <span class='ocrx_word' id='word_1_30' title='bbox 305 519 340 592; x_wconf 86' lang='lat'><strong>3,</strong></span> <span class='ocrx_word' id='word_1_31' title='bbox 366 517 424 579; x_wconf 81' lang='lat'><strong>29:</strong></span> <span class='ocrx_word' id='word_1_32' title='bbox 451 531 488 574; x_wconf 89' lang='lat' dir='ltr'><strong>an</strong></span> <span class='ocrx_word' id='word_1_33' title='bbox 511 511 593 572; x_wconf 87' lang='lat' dir='ltr'><strong>laudi</strong></span> <span class='ocrx_word' id='word_1_34' title='bbox 616 517 703 586; x_wconf 84' lang='lat' dir='ltr'><strong>putat</strong></span> <span class='ocrx_word' id='word_1_35' title='bbox 725 513 814 585; x_wconf 83' lang='lat' dir='ltr'><strong>Fors,</strong></span> <span class='ocrx_word' id='word_1_36' title='bbox 837 511 1048 584; x_wconf 67' lang='lat' dir='ltr'><strong>superuiueret</strong></span> <span class='ocrx_word' id='word_1_37' title='bbox 1068 509 1209 585; x_wconf 75' lang='lat' dir='ltr'><strong>gnatum?</strong></span> 
     </span>
    </p>
   </div>
   <div class='ocr_carea' id='block_1_3' title="bbox 677 792 859 868">
    <p class='ocr_par' dir='ltr' id='par_1_3' title="bbox 677 792 859 868">
     <span class='ocr_line' id='line_1_5' title="bbox 677 792 859 868; baseline -0.011 -16"><span class='ocrx_word' id='word_1_38' title='bbox 677 793 749 868; x_wconf 73' lang='lat' dir='ltr'><strong>esp.</strong></span> <span class='ocrx_word' id='word_1_39' title='bbox 775 792 859 852; x_wconf 85' lang='lat' dir='ltr'><strong>xm.</strong></span> 
     </span>
    </p>
   </div>
   <div class='ocr_carea' id='block_1_4' title="bbox 359 941 1181 1027">
    <p class='ocr_par' dir='ltr' id='par_1_4' title="bbox 359 941 1181 1027">
     <span class='ocr_line' id='line_1_6' title="bbox 359 941 1181 1027; baseline -0.001 -17"><span class='ocrx_word' id='word_1_40' title='bbox 359 945 420 1010; x_wconf 91' lang='lat' dir='ltr'><strong>De</strong></span> <span class='ocrx_word' id='word_1_41' title='bbox 457 942 664 1010; x_wconf 87' lang='lat' dir='ltr'><strong>numeris</strong></span> <span class='ocrx_word' id='word_1_42' title='bbox 700 947 744 1008; x_wconf 89' lang='lat' dir='ltr'><strong>et</strong></span> <span class='ocrx_word' id='word_1_43' title='bbox 780 942 1001 1024; x_wconf 87' lang='lat' dir='ltr'><strong>personis</strong></span> <span class='ocrx_word' id='word_1_44' title='bbox 1039 941 1181 1027; x_wconf 78' lang='lat' dir='ltr'><strong>verbi.</strong></span> 
     </span>
    </p>
   </div>
   <div class='ocr_carea' id='block_1_5' title="bbox 184 1115 1370 4235">
    <p class='ocr_par' dir='ltr' id='par_1_5' title="bbox 189 1115 1351 2067">
     <span class='ocr_line' id='line_1_7' title="bbox 281 1115 1350 1198; baseline 0 -18"><span class='ocrx_word' id='word_1_45' title='bbox 281 1122 307 1180; x_wconf 96' lang='lat' dir='ltr'><strong>l.</strong></span> <span class='ocrx_word' id='word_1_46' title='bbox 352 1117 481 1179; x_wconf 80' lang='lat' dir='ltr'><strong>Numeri</strong></span> <span class='ocrx_word' id='word_1_47' title='bbox 509 1118 601 1180; x_wconf 79' lang='lat' dir='ltr'><strong>uerti.</strong></span> <span class='ocrx_word' id='word_1_48' title='bbox 647 1115 820 1191; x_wconf 69' lang='lat' dir='ltr'><strong>stipularis</strong></span> <span class='ocrx_word' id='word_1_49' title='bbox 849 1115 938 1181; x_wconf 83' lang='lat' dir='ltr'><strong>verbi</strong></span> <span class='ocrx_word' id='word_1_50' title='bbox 966 1133 1063 1196; x_wconf 87' lang='lat' dir='ltr'><strong>saepe</strong></span> <span class='ocrx_word' id='word_1_51' title='bbox 1097 1122 1287 1198; x_wconf 89' lang='lat' dir='ltr'><strong>usurpatur,</strong></span> <span class='ocrx_word' id='word_1_52' title='bbox 1322 1115 1350 1180; x_wconf 89' lang='lat' dir='ltr'><strong>si</strong></span> 
     </span>
     <span class='ocr_line' id='line_1_8' title="bbox 191 1210 1351 1295; baseline 0.001 -17"><span class='ocrx_word' id='word_1_53' title='bbox 191 1214 286 1294; x_wconf 87' lang='lat' dir='ltr'><strong>plura</strong></span> <span class='ocrx_word' id='word_1_54' title='bbox 317 1213 461 1280; x_wconf 86' lang='lat' dir='ltr'><strong>subiecta</strong></span> <span class='ocrx_word' id='word_1_55' title='bbox 487 1231 539 1278; x_wconf 88' lang='lat' dir='ltr'><strong>res</strong></span> <span class='ocrx_word' id='word_1_56' title='bbox 568 1210 778 1295; x_wconf 75' lang='lat' dir='ltr'><strong>significantia</strong></span> <span class='ocrx_word' id='word_1_57' title='bbox 804 1212 888 1279; x_wconf 89' lang='lat' dir='ltr'><strong>inter</strong></span> <span class='ocrx_word' id='word_1_58' title='bbox 911 1231 945 1278; x_wconf 91' lang='lat' dir='ltr'><strong>se</strong></span> <span class='ocrx_word' id='word_1_59' title='bbox 968 1219 1044 1279; x_wconf 90' lang='lat' dir='ltr'><strong>sunt</strong></span> <span class='ocrx_word' id='word_1_60' title='bbox 1072 1215 1255 1292; x_wconf 85' lang='lat' dir='ltr'><strong>coniuncta,</strong></span> <span class='ocrx_word' id='word_1_61' title='bbox 1285 1229 1351 1294; x_wconf 86' lang='lat' dir='ltr'><strong>quo</strong></span> 
     </span>
     <span class='ocr_line' id='line_1_9' title="bbox 191 1311 1349 1392; baseline 0 -16"><span class='ocrx_word' id='word_1_62' title='bbox 191 1311 249 1378; x_wconf 56' lang='lat' dir='ltr'><strong>‘illa</strong></span> <span class='ocrx_word' id='word_1_63' title='bbox 278 1312 319 1375; x_wconf 91' lang='lat' dir='ltr'><strong>in</strong></span> <span class='ocrx_word' id='word_1_64' title='bbox 340 1329 434 1378; x_wconf 83' lang='lat' dir='ltr'><strong>unam</strong></span> <span class='ocrx_word' id='word_1_65' title='bbox 462 1311 554 1392; x_wconf 84' lang='lat' dir='ltr'><strong>qnasi</strong></span> <span class='ocrx_word' id='word_1_66' title='bbox 583 1311 744 1377; x_wconf 90' lang='lat' dir='ltr'><strong>notionem</strong></span> <span class='ocrx_word' id='word_1_67' title='bbox 773 1311 1091 1392; x_wconf 82' lang='lat' dir='ltr'>comprehendantur.</span> <span class='ocrx_word' id='word_1_68' title='bbox 1136 1311 1189 1378; x_wconf 85' lang='lat' dir='ltr'><strong>Sie</strong></span> <span class='ocrx_word' id='word_1_69' title='bbox 1219 1311 1349 1378; x_wconf 84' lang='lat' dir='ltr'><strong>Terent.</strong></span> 
     </span>
     <span class='ocr_line' id='line_1_10' title="bbox 192 1409 1348 1490; baseline 0 -16"><span class='ocrx_word' id='word_1_70' title='bbox 192 1410 269 1475; x_wconf 86' lang='lat' dir='ltr'><strong>Heu.</strong></span> <span class='ocrx_word' id='word_1_71' title='bbox 292 1409 373 1490; x_wconf 91' lang='lat' dir='ltr'><strong>prol.</strong></span> <span class='ocrx_word' id='word_1_72' title='bbox 390 1429 416 1472; x_wconf 89' lang='lat' dir='ltr'><strong>v.</strong></span> <span class='ocrx_word' id='word_1_73' title='bbox 443 1414 477 1474; x_wconf 85' lang='lat'><strong>2:</strong></span> <span class='ocrx_word' id='word_1_74' title='bbox 505 1429 609 1473; x_wconf 87' lang='lat' dir='ltr'><strong>novom</strong></span> <span class='ocrx_word' id='word_1_75' title='bbox 633 1413 796 1474; x_wconf 87' lang='lat' dir='ltr'><strong>intervenit</strong></span> <span class='ocrx_word' id='word_1_76' title='bbox 817 1414 920 1472; x_wconf 81' lang='lat' dir='ltr'><strong>vitium</strong></span> <span class='ocrx_word' id='word_1_77' title='bbox 949 1419 980 1472; x_wconf 92' lang='lat' dir='ltr'><strong>et</strong></span> <span class='ocrx_word' id='word_1_78' title='bbox 1002 1414 1164 1474; x_wconf 78' lang='lat' dir='ltr'><strong>salamitae.</strong></span> <span class='ocrx_word' id='word_1_79' title='bbox 1210 1409 1348 1490; x_wconf 82' lang='lat' dir='ltr'><strong>Adelph.</strong></span> 
     </span>
     <span class='ocr_line' id='line_1_11' title="bbox 191 1506 1350 1586; baseline 0.003 -16"><span class='ocrx_word' id='word_1_80' title='bbox 191 1506 251 1584; x_wconf 90' lang='lat'>111,</span> <span class='ocrx_word' id='word_1_81' title='bbox 275 1511 304 1586; x_wconf 84' lang='lat'><strong>2,</strong></span> <span class='ocrx_word' id='word_1_82' title='bbox 327 1512 388 1573; x_wconf 82' lang='lat'><strong>42:</strong></span> <span class='ocrx_word' id='word_1_83' title='bbox 413 1511 483 1571; x_wconf 78' lang='lat' dir='ltr'><strong>lua</strong></span> <span class='ocrx_word' id='word_1_84' title='bbox 504 1510 590 1583; x_wconf 76' lang='lat' dir='ltr'><strong>sumu</strong></span> <span class='ocrx_word' id='word_1_85' title='bbox 612 1517 643 1570; x_wconf 87' lang='lat' dir='ltr'><strong>et</strong></span> <span class='ocrx_word' id='word_1_86' title='bbox 666 1517 773 1585; x_wconf 79' lang='lat' dir='ltr'><strong>gnatae</strong></span> <span class='ocrx_word' id='word_1_87' title='bbox 796 1511 859 1570; x_wconf 83' lang='lat' dir='ltr'><strong>uita</strong></span> <span class='ocrx_word' id='word_1_88' title='bbox 881 1511 911 1570; x_wconf 92' lang='lat' dir='ltr'><strong>in</strong></span> <span class='ocrx_word' id='word_1_89' title='bbox 936 1510 1054 1570; x_wconf 85' lang='lat' dir='ltr'><strong>dubium</strong></span> <span class='ocrx_word' id='word_1_90' title='bbox 1076 1512 1180 1571; x_wconf 79' lang='lat' dir='ltr'><strong>ueniet.</strong></span> <span class='ocrx_word' id='word_1_91' title='bbox 1225 1515 1262 1586; x_wconf 93' lang='lat'><strong>4,</strong></span> <span class='ocrx_word' id='word_1_92' title='bbox 1293 1514 1350 1574; x_wconf 83' lang='lat'><strong>24:</strong></span> 
     </span>
     <span class='ocr_line' id='line_1_12' title="bbox 189 1605 1350 1688; baseline 0.004 -21"><span class='ocrx_word' id='word_1_93' title='bbox 189 1609 342 1668; x_wconf 73' lang='lat' dir='ltr'><strong>Persuasit</strong></span> <span class='ocrx_word' id='word_1_94' title='bbox 364 1626 422 1668; x_wconf 89' lang='lat' dir='ltr'><strong>nox</strong></span> <span class='ocrx_word' id='word_1_95' title='bbox 445 1625 527 1668; x_wconf 90' lang='lat' dir='ltr'><strong>amor</strong></span> <span class='ocrx_word' id='word_1_96' title='bbox 549 1611 647 1668; x_wconf 84' lang='lat' dir='ltr'><strong>vinnm</strong></span> <span class='ocrx_word' id='word_1_97' title='bbox 670 1609 883 1669; x_wconf 84' lang='lat' dir='ltr'><strong>adnleseentia.</strong></span> <span class='ocrx_word' id='word_1_98' title='bbox 914 1605 952 1670; x_wconf 92' lang='lat' dir='ltr'><strong>In</strong></span> <span class='ocrx_word' id='word_1_99' title='bbox 967 1605 1083 1688; x_wconf 88' lang='lat' dir='ltr'><strong>plurali</strong></span> <span class='ocrx_word' id='word_1_100' title='bbox 1106 1606 1186 1672; x_wconf 88' lang='lat' dir='ltr'><strong>adeo</strong></span> <span class='ocrx_word' id='word_1_101' title='bbox 1202 1607 1350 1688; x_wconf 88' lang='lat' dir='ltr'><strong>pesitum</strong></span> 
     </span>
     <span class='ocr_line' id='line_1_13' title="bbox 190 1702 1349 1782; baseline 0.001 -15"><span class='ocrx_word' id='word_1_102' title='bbox 190 1707 241 1767; x_wconf 89' lang='lat' dir='ltr'><strong>est</strong></span> <span class='ocrx_word' id='word_1_103' title='bbox 255 1702 391 1767; x_wconf 89' lang='lat' dir='ltr'><strong>alterum</strong></span> <span class='ocrx_word' id='word_1_104' title='bbox 409 1703 586 1768; x_wconf 86' lang='lat' dir='ltr'><strong>subiectum</strong></span> <span class='ocrx_word' id='word_1_105' title='bbox 600 1703 642 1768; x_wconf 90' lang='lat' dir='ltr'><strong>ib.</strong></span> <span class='ocrx_word' id='word_1_106' title='bbox 661 1703 698 1781; x_wconf 94' lang='lat' dir='ltr'><strong>V,</strong></span> <span class='ocrx_word' id='word_1_107' title='bbox 717 1710 745 1782; x_wconf 84' lang='lat'><strong>3,</strong></span> <span class='ocrx_word' id='word_1_108' title='bbox 763 1709 817 1768; x_wconf 77' lang='lat'><strong>50:</strong></span> <span class='ocrx_word' id='word_1_109' title='bbox 837 1708 945 1766; x_wconf 78' lang='lat' dir='ltr'><strong>Boane</strong></span> <span class='ocrx_word' id='word_1_110' title='bbox 960 1711 1029 1766; x_wconf 71' lang='lat' dir='ltr'><strong>uiue</strong></span> <span class='ocrx_word' id='word_1_111' title='bbox 1043 1708 1118 1768; x_wconf 82' lang='lat' dir='ltr'><strong>istae</strong></span> <span class='ocrx_word' id='word_1_112' title='bbox 1140 1726 1194 1770; x_wconf 86' lang='lat' dir='ltr'><strong>nos</strong></span> <span class='ocrx_word' id='word_1_113' title='bbox 1208 1709 1349 1782; x_wconf 66' lang='lat' dir='ltr'><strong>raum,</strong></span> 
     </span>
     <span class='ocr_line' id='line_1_14' title="bbox 190 1801 1350 1878; baseline 0.006 -16"><span class='ocrx_word' id='word_1_114' title='bbox 190 1801 297 1874; x_wconf 80' lang='lat' dir='ltr'><strong>Minio,</strong></span> <span class='ocrx_word' id='word_1_115' title='bbox 326 1804 368 1862; x_wconf 87' lang='lat' dir='ltr'><strong>Et</strong></span> <span class='ocrx_word' id='word_1_116' title='bbox 395 1807 459 1864; x_wconf 75' lang='lat' dir='ltr'><strong>teos</strong></span> <span class='ocrx_word' id='word_1_117' title='bbox 480 1804 536 1863; x_wconf 83' lang='lat' dir='ltr'><strong>iate</strong></span> <span class='ocrx_word' id='word_1_118' title='bbox 564 1805 684 1865; x_wconf 81' lang='lat' dir='ltr'><strong>ursimus</strong></span> <span class='ocrx_word' id='word_1_119' title='bbox 712 1821 819 1878; x_wconf 66' lang='lat' dir='ltr'><strong>muetos</strong></span> <span class='ocrx_word' id='word_1_120' title='bbox 845 1806 1006 1866; x_wconf 73' lang='lat' dir='ltr'><strong>muratae.</strong></span> <span class='ocrx_word' id='word_1_121' title='bbox 1059 1803 1097 1867; x_wconf 93' lang='lat' dir='ltr'><strong>In</strong></span> <span class='ocrx_word' id='word_1_122' title='bbox 1127 1803 1350 1878; x_wconf 78' lang='lat' dir='ltr'><strong>enuntiatione</strong></span> 
     </span>
     <span class='ocr_line' id='line_1_15' title="bbox 191 1897 1348 1982; baseline 0.003 -20"><span class='ocrx_word' id='word_1_123' title='bbox 191 1897 382 1963; x_wconf 80' lang='lat' dir='ltr'><strong>disiunctiva</strong></span> <span class='ocrx_word' id='word_1_124' title='bbox 418 1915 477 1977; x_wconf 90' lang='lat' dir='ltr'><strong>per</strong></span> <span class='ocrx_word' id='word_1_125' title='bbox 514 1906 568 1962; x_wconf 82' lang='lat' dir='ltr'><strong>aut</strong></span> <span class='ocrx_word' id='word_1_126' title='bbox 589 1933 631 1944; x_wconf 92' lang='lat'>-</span> <span class='ocrx_word' id='word_1_127' title='bbox 654 1907 708 1963; x_wconf 79' lang='lat' dir='ltr'><strong>aar</strong></span> <span class='ocrx_word' id='word_1_128' title='bbox 741 1901 838 1965; x_wconf 81' lang='lat' dir='ltr'><strong>elata</strong></span> <span class='ocrx_word' id='word_1_129' title='bbox 856 1900 987 1981; x_wconf 88' lang='lat' dir='ltr'><strong>ponitur</strong></span> <span class='ocrx_word' id='word_1_130' title='bbox 1022 1901 1210 1982; x_wconf 86' lang='lat' dir='ltr'><strong>singularis,</strong></span> <span class='ocrx_word' id='word_1_131' title='bbox 1249 1900 1348 1966; x_wconf 85' lang='lat' dir='ltr'><strong>Andr.</strong></span> 
     </span>
     <span class='ocr_line' id='line_1_16' title="bbox 190 1993 1229 2067; baseline 0.004 -8"><span class='ocrx_word' id='word_1_132' title='bbox 190 1993 250 2067; x_wconf 89' lang='grc' dir='ltr'><strong>ΙΙΙ,</strong></span> <span class='ocrx_word' id='word_1_133' title='bbox 275 2001 302 2060; x_wconf 90' lang='lat' dir='ltr'><strong>l.</strong></span> <span class='ocrx_word' id='word_1_134' title='bbox 327 2001 360 2059; x_wconf 86' lang='lat'><strong>5:</strong></span> <span class='ocrx_word' id='word_1_135' title='bbox 384 1998 504 2061; x_wconf 87' lang='lat' dir='ltr'><strong>Utinam</strong></span> <span class='ocrx_word' id='word_1_136' title='bbox 528 2004 582 2060; x_wconf 82' lang='lat' dir='ltr'><strong>uui</strong></span> <span class='ocrx_word' id='word_1_137' title='bbox 603 2001 651 2060; x_wconf 89' lang='lat' dir='ltr'><strong>hie</strong></span> <span class='ocrx_word' id='word_1_138' title='bbox 674 2001 782 2062; x_wconf 87' lang='lat' dir='ltr'><strong>surdus</strong></span> <span class='ocrx_word' id='word_1_139' title='bbox 805 2005 859 2062; x_wconf 72' lang='lat' dir='ltr'><strong>aaut</strong></span> <span class='ocrx_word' id='word_1_140' title='bbox 878 2003 952 2061; x_wconf 89' lang='lat' dir='ltr'><strong>haee</strong></span> <span class='ocrx_word' id='word_1_141' title='bbox 975 2010 1057 2062; x_wconf 89' lang='lat' dir='ltr'><strong>muta</strong></span> <span class='ocrx_word' id='word_1_142' title='bbox 1079 2001 1161 2062; x_wconf 85' lang='lat' dir='ltr'><strong>laeta</strong></span> <span class='ocrx_word' id='word_1_143' title='bbox 1181 2003 1229 2064; x_wconf 81' lang='lat' dir='ltr'><strong>sit.</strong></span> 
     </span>
    </p>

    <p class='ocr_par' dir='ltr' id='par_1_6' title="bbox 190 2092 1350 2359">
     <span class='ocr_line' id='line_1_17' title="bbox 276 2092 1350 2178; baseline 0.006 -22"><span class='ocrx_word' id='word_1_144' title='bbox 276 2092 446 2160; x_wconf 88' lang='lat' dir='ltr'><strong>Notandus</strong></span> <span class='ocrx_word' id='word_1_145' title='bbox 473 2100 525 2160; x_wconf 89' lang='lat' dir='ltr'><strong>est</strong></span> <span class='ocrx_word' id='word_1_146' title='bbox 546 2113 625 2160; x_wconf 86' lang='lat' dir='ltr'><strong>usus</strong></span> <span class='ocrx_word' id='word_1_147' title='bbox 648 2095 819 2176; x_wconf 84' lang='lat' dir='ltr'><strong>singularis</strong></span> <span class='ocrx_word' id='word_1_148' title='bbox 843 2096 1001 2177; x_wconf 86' lang='lat' dir='ltr'><strong>participii</strong></span> <span class='ocrx_word' id='word_1_149' title='bbox 1023 2114 1217 2178; x_wconf 86' lang='lat' dir='ltr'><strong>praegresso</strong></span> <span class='ocrx_word' id='word_1_150' title='bbox 1233 2095 1350 2178; x_wconf 83' lang='lat' dir='ltr'><strong>plurali</strong></span> 
     </span>
     <span class='ocr_line' id='line_1_18' title="bbox 190 2192 1349 2274; baseline 0.003 -18"><span class='ocrx_word' id='word_1_151' title='bbox 190 2192 260 2257; x_wconf 85' lang='lat' dir='ltr'><strong>loco</strong></span> <span class='ocrx_word' id='word_1_152' title='bbox 283 2192 387 2258; x_wconf 77' lang='lat' dir='ltr'><strong>Plana</strong></span> <span class='ocrx_word' id='word_1_153' title='bbox 410 2193 526 2260; x_wconf 79' lang='lat' dir='ltr'><strong>Bacch.</strong></span> <span class='ocrx_word' id='word_1_154' title='bbox 550 2193 605 2274; x_wconf 93' lang='lat' dir='ltr'><strong>IV,</strong></span> <span class='ocrx_word' id='word_1_155' title='bbox 628 2200 664 2274; x_wconf 93' lang='lat'><strong>4,</strong></span> <span class='ocrx_word' id='word_1_156' title='bbox 694 2199 752 2258; x_wconf 86' lang='lat'><strong>88:</strong></span> <span class='ocrx_word' id='word_1_157' title='bbox 774 2198 857 2274; x_wconf 78' lang='lat' dir='ltr'><strong>Quae</strong></span> <span class='ocrx_word' id='word_1_158' title='bbox 885 2199 1045 2271; x_wconf 87' lang='lat' dir='ltr'><strong>inperasti:</strong></span> <span class='ocrx_word' id='word_1_159' title='bbox 1074 2199 1244 2271; x_wconf 79' lang='lat' dir='ltr'><strong>inparatam</strong></span> <span class='ocrx_word' id='word_1_160' title='bbox 1273 2199 1349 2259; x_wconf 82' lang='lat' dir='ltr'><strong>bene</strong></span> 
     </span>
     <span class='ocr_line' id='line_1_19' title="bbox 191 2293 544 2359; baseline 0.006 -3"><span class='ocrx_word' id='word_1_161' title='bbox 191 2296 277 2358; x_wconf 89' lang='lat' dir='ltr'><strong>honis</strong></span> <span class='ocrx_word' id='word_1_162' title='bbox 300 2293 410 2356; x_wconf 81' lang='lat' dir='ltr'><strong>laetum</strong></span> <span class='ocrx_word' id='word_1_163' title='bbox 434 2296 544 2359; x_wconf 84' lang='lat' dir='ltr'><strong>ilieost.</strong></span> 
     </span>
    </p>

    <p class='ocr_par' dir='ltr' id='par_1_7' title="bbox 190 2389 1351 2748">
     <span class='ocr_line' id='line_1_20' title="bbox 273 2389 1351 2473; baseline -0.004 -15"><span class='ocrx_word' id='word_1_164' title='bbox 273 2390 305 2458; x_wconf 85' lang='lat' dir='ltr'><strong>Si</strong></span> <span class='ocrx_word' id='word_1_165' title='bbox 334 2391 512 2458; x_wconf 79' lang='lat' dir='ltr'><strong>subiectum</strong></span> <span class='ocrx_word' id='word_1_166' title='bbox 541 2398 592 2457; x_wconf 86' lang='lat' dir='ltr'><strong>eet</strong></span> <span class='ocrx_word' id='word_1_167' title='bbox 621 2392 808 2473; x_wconf 84' lang='lat' dir='ltr'><strong>singularis,</strong></span> <span class='ocrx_word' id='word_1_168' title='bbox 838 2393 1055 2472; x_wconf 80' lang='lat' dir='ltr'><strong>praedicatum</strong></span> <span class='ocrx_word' id='word_1_169' title='bbox 1079 2389 1228 2473; x_wconf 85' lang='lat' dir='ltr'><strong>pluralia,</strong></span> <span class='ocrx_word' id='word_1_170' title='bbox 1250 2389 1351 2470; x_wconf 71' lang='lat' dir='ltr'><strong>⁴poni·</strong></span> 
     </span>
     <span class='ocr_line' id='line_1_21' title="bbox 192 2489 1349 2571; baseline -0.003 -16"><span class='ocrx_word' id='word_1_171' title='bbox 192 2492 246 2555; x_wconf 92' lang='lat' dir='ltr'><strong>tur</strong></span> <span class='ocrx_word' id='word_1_172' title='bbox 268 2489 439 2571; x_wconf 82' lang='lat' dir='ltr'><strong>eingularis</strong></span> <span class='ocrx_word' id='word_1_173' title='bbox 461 2489 559 2554; x_wconf 83' lang='lat' dir='ltr'><strong>verbi.</strong></span> <span class='ocrx_word' id='word_1_174' title='bbox 591 2490 642 2556; x_wconf 83' lang='lat' dir='ltr'><strong>Sic</strong></span> <span class='ocrx_word' id='word_1_175' title='bbox 665 2489 770 2554; x_wconf 84' lang='lat' dir='ltr'><strong>Plaut.</strong></span> <span class='ocrx_word' id='word_1_176' title='bbox 795 2489 909 2570; x_wconf 91' lang='lat' dir='ltr'><strong>Amph.</strong></span> <span class='ocrx_word' id='word_1_177' title='bbox 934 2489 1013 2570; x_wconf 81' lang='lat' dir='ltr'><strong>prol.</strong></span> <span class='ocrx_word' id='word_1_178' title='bbox 1039 2507 1068 2554; x_wconf 90' lang='lat' dir='ltr'><strong>v.</strong></span> <span class='ocrx_word' id='word_1_179' title='bbox 1093 2493 1132 2553; x_wconf 82' lang='lat'><strong>97</strong></span> <span class='ocrx_word' id='word_1_180' title='bbox 1145 2511 1151 2551; x_wconf 94' lang='lat'>:</span> <span class='ocrx_word' id='word_1_181' title='bbox 1176 2493 1259 2550; x_wconf 80' lang='lat' dir='ltr'><strong>Haec</strong></span> <span class='ocrx_word' id='word_1_182' title='bbox 1275 2507 1349 2565; x_wconf 86' lang='lat' dir='ltr'><strong>urps</strong></span> 
     </span>
     <span class='ocr_line' id='line_1_22' title="bbox 190 2586 1351 2666; baseline -0.001 -17"><span class='ocrx_word' id='word_1_183' title='bbox 190 2597 238 2651; x_wconf 90' lang='lat' dir='ltr'><strong>est</strong></span> <span class='ocrx_word' id='word_1_184' title='bbox 260 2590 390 2650; x_wconf 82' lang='lat' dir='ltr'><strong>Thebae.</strong></span> <span class='ocrx_word' id='word_1_185' title='bbox 421 2587 556 2651; x_wconf 71' lang='lat' dir='ltr'><strong>Terent..</strong></span> <span class='ocrx_word' id='word_1_186' title='bbox 574 2586 671 2651; x_wconf 82' lang='lat' dir='ltr'><strong>Andr.</strong></span> <span class='ocrx_word' id='word_1_187' title='bbox 695 2586 733 2664; x_wconf 86' lang='lat' dir='ltr'><strong>V,</strong></span> <span class='ocrx_word' id='word_1_188' title='bbox 756 2596 786 2666; x_wconf 88' lang='lat'><strong>4,</strong></span> <span class='ocrx_word' id='word_1_189' title='bbox 810 2594 868 2652; x_wconf 80' lang='lat'><strong>47:</strong></span> <span class='ocrx_word' id='word_1_190' title='bbox 892 2592 965 2666; x_wconf 86' lang='lat' dir='ltr'><strong>Dee,</strong></span> <span class='ocrx_word' id='word_1_191' title='bbox 989 2590 1154 2666; x_wconf 87' lang='lat' dir='ltr'><strong>Pamphile,</strong></span> <span class='ocrx_word' id='word_1_192' title='bbox 1176 2592 1222 2648; x_wconf 85' lang='lat' dir='ltr'><strong>eat</strong></span> <span class='ocrx_word' id='word_1_193' title='bbox 1241 2589 1351 2649; x_wconf 83' lang='lat' dir='ltr'><strong>Deaem</strong></span> 
     </span>
     <span class='ocr_line' id='line_1_23' title="bbox 190 2687 309 2748; baseline 0 0"><span class='ocrx_word' id='word_1_194' title='bbox 190 2687 309 2748; x_wconf 75' lang='lat' dir='ltr'><strong>auara.</strong></span> 
     </span>
    </p>

    <p class='ocr_par' dir='ltr' id='par_1_8' title="bbox 191 2781 1349 3062">
     <span class='ocr_line' id='line_1_24' title="bbox 274 2781 1349 2865; baseline 0.003 -19"><span class='ocrx_word' id='word_1_195' title='bbox 274 2782 337 2847; x_wconf 90' lang='lat' dir='ltr'><strong>Pro</strong></span> <span class='ocrx_word' id='word_1_196' title='bbox 361 2781 477 2863; x_wconf 87' lang='lat' dir='ltr'><strong>plurali</strong></span> <span class='ocrx_word' id='word_1_197' title='bbox 500 2783 671 2863; x_wconf 83' lang='lat' dir='ltr'><strong>singularis</strong></span> <span class='ocrx_word' id='word_1_198' title='bbox 693 2787 867 2865; x_wconf 86' lang='lat' dir='ltr'><strong>usurpatus</strong></span> <span class='ocrx_word' id='word_1_199' title='bbox 890 2788 942 2848; x_wconf 89' lang='lat' dir='ltr'><strong>est</strong></span> <span class='ocrx_word' id='word_1_200' title='bbox 961 2782 1066 2847; x_wconf 87' lang='lat' dir='ltr'><strong>Plaut.</strong></span> <span class='ocrx_word' id='word_1_201' title='bbox 1095 2782 1190 2848; x_wconf 88' lang='lat' dir='ltr'><strong>Poen.</strong></span> <span class='ocrx_word' id='word_1_202' title='bbox 1214 2781 1295 2865; x_wconf 87' lang='lat' dir='ltr'><strong>prol.</strong></span> <span class='ocrx_word' id='word_1_203' title='bbox 1319 2801 1349 2849; x_wconf 80' lang='lat' dir='ltr'><strong>v.</strong></span> 
     </span>
     <span class='ocr_line' id='line_1_25' title="bbox 191 2879 1341 2962; baseline 0 -18"><span class='ocrx_word' id='word_1_204' title='bbox 191 2885 265 2944; x_wconf 83' lang='lat'>117:</span> <span class='ocrx_word' id='word_1_205' title='bbox 290 2883 368 2944; x_wconf 83' lang='lat' dir='ltr'><strong>cave</strong></span> <span class='ocrx_word' id='word_1_206' title='bbox 392 2883 583 2958; x_wconf 81' lang='lat' dir='ltr'><strong>dirumparis,</strong></span> <span class='ocrx_word' id='word_1_207' title='bbox 607 2881 658 2946; x_wconf 91' lang='lat' dir='ltr'><strong>cui</strong></span> <span class='ocrx_word' id='word_1_208' title='bbox 681 2881 783 2946; x_wconf 85' lang='lat' dir='ltr'><strong>simile</strong></span> <span class='ocrx_word' id='word_1_209' title='bbox 799 2887 862 2960; x_wconf 90' lang='lat' dir='ltr'><strong>est,</strong></span> <span class='ocrx_word' id='word_1_210' title='bbox 886 2881 972 2961; x_wconf 84' lang='lat' dir='ltr'><strong>quod</strong></span> <span class='ocrx_word' id='word_1_211' title='bbox 987 2879 1103 2946; x_wconf 90' lang='lat' dir='ltr'><strong>Bernh.</strong></span> <span class='ocrx_word' id='word_1_212' title='bbox 1128 2885 1210 2962; x_wconf 88' lang='lat' dir='ltr'><strong>synt.</strong></span> <span class='ocrx_word' id='word_1_213' title='bbox 1234 2897 1341 2961; x_wconf 82' lang='lat' dir='ltr'><strong>grase.</strong></span> 
     </span>
     <span class='ocr_line' id='line_1_26' title="bbox 191 2967 964 3062; baseline -0.003 -20"><span class='ocrx_word' id='word_1_214' title='bbox 191 2995 222 3059; x_wconf 92' lang='lat' dir='ltr'><strong>p.</strong></span> <span class='ocrx_word' id='word_1_215' title='bbox 247 2982 309 3042; x_wconf 90' lang='lat'><strong>419</strong></span> <span class='ocrx_word' id='word_1_216' title='bbox 337 2977 457 3053; x_wconf 79' lang='lat' dir='ltr'><strong>attulit,</strong></span> <span class='ocrx_word' id='word_1_217' title='bbox 480 2979 547 3040; x_wconf 70' lang='grc' dir='ltr'><strong>εἰπέ</strong></span> <span class='ocrx_word' id='word_1_218' title='bbox 566 3001 626 3059; x_wconf 84' lang='grc' dir='ltr'><strong>μοι,</strong></span> <span class='ocrx_word' id='word_1_219' title='bbox 648 2982 680 3042; x_wconf 79' lang='grc' dir='ltr'><strong>τί</strong></span> <span class='ocrx_word' id='word_1_220' title='bbox 699 2972 817 3062; x_wconf 75' lang='grc' dir='ltr'><strong>πάσχετ’</strong></span> <span class='ocrx_word' id='word_1_221' title='bbox 843 2967 964 3061; x_wconf 55' lang='grc' dir='ltr'><strong>ὦνδρες</strong></span> 
     </span>
    </p>

    <p class='ocr_par' dir='ltr' id='par_1_9' title="bbox 184 3075 1370 3845">
     <span class='ocr_line' id='line_1_27' title="bbox 274 3075 1350 3158; baseline 0.001 -18"><span class='ocrx_word' id='word_1_222' title='bbox 274 3075 414 3142; x_wconf 86' lang='lat' dir='ltr'><strong>Maxime</strong></span> <span class='ocrx_word' id='word_1_223' title='bbox 436 3081 544 3142; x_wconf 85' lang='lat' dir='ltr'><strong>autem</strong></span> <span class='ocrx_word' id='word_1_224' title='bbox 568 3077 784 3142; x_wconf 89' lang='lat' dir='ltr'><strong>memorabilis</strong></span> <span class='ocrx_word' id='word_1_225' title='bbox 808 3082 859 3143; x_wconf 86' lang='lat' dir='ltr'><strong>est</strong></span> <span class='ocrx_word' id='word_1_226' title='bbox 879 3077 1058 3144; x_wconf 80' lang='lat' dir='ltr'><strong>coniunctio</strong></span> <span class='ocrx_word' id='word_1_227' title='bbox 1082 3075 1254 3158; x_wconf 82' lang='lat' dir='ltr'><strong>singularis</strong></span> <span class='ocrx_word' id='word_1_228' title='bbox 1277 3093 1350 3156; x_wconf 86' lang='lat' dir='ltr'><strong>pur-</strong></span> 
     </span>
     <span class='ocr_line' id='line_1_28' title="bbox 187 3173 1351 3256; baseline -0.001 -18"><span class='ocrx_word' id='word_1_229' title='bbox 187 3175 367 3256; x_wconf 84' lang='lat' dir='ltr'><strong>tieipinrum</strong></span> <span class='ocrx_word' id='word_1_230' title='bbox 398 3179 515 3240; x_wconf 75' lang='lat' dir='ltr'><strong>uberate</strong></span> <span class='ocrx_word' id='word_1_231' title='bbox 535 3183 569 3238; x_wconf 90' lang='lat' dir='ltr'><strong>et</strong></span> <span class='ocrx_word' id='word_1_232' title='bbox 587 3182 743 3251; x_wconf 72' lang='lat' dir='ltr'><strong>praestate</strong></span> <span class='ocrx_word' id='word_1_233' title='bbox 764 3194 835 3241; x_wconf 90' lang='lat' dir='ltr'><strong>eum</strong></span> <span class='ocrx_word' id='word_1_234' title='bbox 858 3175 975 3256; x_wconf 88' lang='lat' dir='ltr'><strong>plurali</strong></span> <span class='ocrx_word' id='word_1_235' title='bbox 997 3174 1190 3240; x_wconf 84' lang='lat' dir='ltr'><strong>substantivi</strong></span> <span class='ocrx_word' id='word_1_236' title='bbox 1206 3173 1256 3239; x_wconf 82' lang='lat' dir='ltr'><strong>v&#39;el</strong></span> <span class='ocrx_word' id='word_1_237' title='bbox 1273 3191 1351 3254; x_wconf 91' lang='lat' dir='ltr'><strong>prn-·</strong></span> 
     </span>
     <span class='ocr_line' id='line_1_29' title="bbox 187 3271 1349 3354; baseline 0 -18"><span class='ocrx_word' id='word_1_238' title='bbox 187 3273 340 3348; x_wconf 89' lang='lat' dir='ltr'><strong>nominis,</strong></span> <span class='ocrx_word' id='word_1_239' title='bbox 368 3271 406 3337; x_wconf 87' lang='lat' dir='ltr'><strong>ef.</strong></span> <span class='ocrx_word' id='word_1_240' title='bbox 431 3291 455 3338; x_wconf 88' lang='lat' dir='ltr'><strong>e.</strong></span> <span class='ocrx_word' id='word_1_241' title='bbox 480 3273 535 3354; x_wconf 89' lang='lat' dir='ltr'><strong>Vl,</strong></span> <span class='ocrx_word' id='word_1_242' title='bbox 557 3273 577 3350; x_wconf 62' lang='grc' dir='ltr'><strong>ξ</strong></span> <span class='ocrx_word' id='word_1_243' title='bbox 602 3279 629 3339; x_wconf 83' lang='grc'><strong>7.</strong></span> <span class='ocrx_word' id='word_1_244' title='bbox 674 3273 797 3338; x_wconf 88' lang='lat' dir='ltr'><strong>Nonius</strong></span> <span class='ocrx_word' id='word_1_245' title='bbox 824 3291 875 3354; x_wconf 90' lang='lat' dir='ltr'><strong>ap.</strong></span> <span class='ocrx_word' id='word_1_246' title='bbox 898 3273 1070 3338; x_wconf 87' lang='lat' dir='ltr'><strong>Funceium</strong></span> <span class='ocrx_word' id='word_1_247' title='bbox 1099 3273 1149 3338; x_wconf 74' lang='lat' dir='ltr'><strong>ad¹</strong></span> <span class='ocrx_word' id='word_1_248' title='bbox 1167 3271 1252 3352; x_wconf 80' lang='lat' dir='ltr'><strong>legg.</strong></span> <span class='ocrx_word' id='word_1_249' title='bbox 1283 3271 1349 3338; x_wconf 88' lang='lat' dir='ltr'><strong>XII</strong></span> 
     </span>
     <span class='ocr_line' id='line_1_30' title="bbox 185 3367 1349 3452; baseline -0.001 -19"><span class='ocrx_word' id='word_1_250' title='bbox 185 3369 271 3435; x_wconf 88' lang='lat' dir='ltr'><strong>tahb.</strong></span> <span class='ocrx_word' id='word_1_251' title='bbox 294 3368 319 3448; x_wconf 91' lang='grc' dir='ltr'><strong>Ι,</strong></span> <span class='ocrx_word' id='word_1_252' title='bbox 341 3369 379 3436; x_wconf 82' lang='lat' dir='ltr'><strong>tr.</strong></span> <span class='ocrx_word' id='word_1_253' title='bbox 414 3373 449 3441; x_wconf 87' lang='grc'><strong>8,</strong></span> <span class='ocrx_word' id='word_1_254' title='bbox 478 3373 532 3451; x_wconf 87' lang='lat' dir='ltr'><strong>qui</strong></span> <span class='ocrx_word' id='word_1_255' title='bbox 561 3367 656 3436; x_wconf 82' lang='lat' dir='ltr'><strong>affert</strong></span> <span class='ocrx_word' id='word_1_256' title='bbox 682 3370 787 3438; x_wconf 84' lang='lat' dir='ltr'><strong>losum</strong></span> <span class='ocrx_word' id='word_1_257' title='bbox 817 3389 855 3436; x_wconf 87' lang='lat' dir='ltr'><strong>ex</strong></span> <span class='ocrx_word' id='word_1_258' title='bbox 882 3370 999 3435; x_wconf 86' lang='lat' dir='ltr'><strong>Plauto</strong></span> <span class='ocrx_word' id='word_1_259' title='bbox 1031 3371 1063 3436; x_wconf 92' lang='lat' dir='ltr'><strong>in</strong></span> <span class='ocrx_word' id='word_1_260' title='bbox 1090 3370 1192 3452; x_wconf 82' lang='lat' dir='ltr'><strong>Syris:</strong></span> <span class='ocrx_word' id='word_1_261' title='bbox 1220 3373 1349 3445; x_wconf 76' lang='lat' dir='ltr'><strong>Quidam</strong></span> 
     </span>
     <span class='ocr_line' id='line_1_31' title="bbox 185 3466 1348 3547; baseline 0.004 -20"><span class='ocrx_word' id='word_1_262' title='bbox 185 3469 264 3544; x_wconf 85' lang='lat' dir='ltr'><strong>apud</strong></span> <span class='ocrx_word' id='word_1_263' title='bbox 287 3467 382 3530; x_wconf 89' lang='lat' dir='ltr'><strong>lorum</strong></span> <span class='ocrx_word' id='word_1_264' title='bbox 403 3472 702 3544; x_wconf 64' lang='lat' dir='ltr'><strong>praematurum</strong></span> <span class='ocrx_word' id='word_1_265' title='bbox 728 3473 801 3532; x_wconf 87' lang='lat' dir='ltr'><strong>mihi</strong></span> <span class='ocrx_word' id='word_1_266' title='bbox 824 3471 965 3532; x_wconf 81' lang='lat' dir='ltr'><strong>vendidit.</strong></span> <span class='ocrx_word' id='word_1_267' title='bbox 1011 3468 1143 3534; x_wconf 87' lang='lat' dir='ltr'><strong>Taubm.</strong></span> <span class='ocrx_word' id='word_1_268' title='bbox 1166 3467 1207 3531; x_wconf 88' lang='lat' dir='ltr'><strong>ad</strong></span> <span class='ocrx_word' id='word_1_269' title='bbox 1231 3466 1348 3547; x_wconf 90' lang='lat' dir='ltr'><strong>Amph.</strong></span> 
     </span>
     <span class='ocr_line' id='line_1_32' title="bbox 184 3563 1347 3645; baseline 0 -17"><span class='ocrx_word' id='word_1_270' title='bbox 184 3563 271 3644; x_wconf 70' lang='lat' dir='ltr'><strong>lta,</strong></span> <span class='ocrx_word' id='word_1_271' title='bbox 296 3569 366 3632; x_wconf 82' lang='grc'>194.</span> <span class='ocrx_word' id='word_1_272' title='bbox 401 3565 517 3634; x_wconf 88' lang='lat' dir='ltr'><strong>Baeeh.</strong></span> <span class='ocrx_word' id='word_1_273' title='bbox 549 3585 578 3632; x_wconf 84' lang='lat' dir='ltr'><strong>v.</strong></span> <span class='ocrx_word' id='word_1_274' title='bbox 604 3573 680 3633; x_wconf 81' lang='lat'>152:</span> <span class='ocrx_word' id='word_1_275' title='bbox 709 3573 874 3632; x_wconf 75' lang='lat' dir='ltr'><strong>Praesmte</strong></span> <span class='ocrx_word' id='word_1_276' title='bbox 904 3571 979 3630; x_wconf 84' lang='lat' dir='ltr'><strong>ibus.</strong></span> <span class='ocrx_word' id='word_1_277' title='bbox 1024 3565 1151 3631; x_wconf 87' lang='lat' dir='ltr'><strong>Terent.</strong></span> <span class='ocrx_word' id='word_1_278' title='bbox 1178 3565 1259 3629; x_wconf 87' lang='lat' dir='ltr'><strong>Eun.</strong></span> <span class='ocrx_word' id='word_1_279' title='bbox 1291 3563 1347 3645; x_wconf 84' lang='lat' dir='ltr'><strong>IV,</strong></span> 
     </span>
     <span class='ocr_line' id='line_1_33' title="bbox 187 3662 1370 3746; baseline 0.001 -19"><span class='ocrx_word' id='word_1_280' title='bbox 187 3669 216 3741; x_wconf 87' lang='lat'><strong>3,</strong></span> <span class='ocrx_word' id='word_1_281' title='bbox 240 3667 258 3726; x_wconf 81' lang='lat'><strong>7</strong></span> <span class='ocrx_word' id='word_1_282' title='bbox 267 3684 273 3723; x_wconf 90' lang='lat'>:</span> <span class='ocrx_word' id='word_1_283' title='bbox 296 3667 406 3728; x_wconf 78' lang='lat' dir='ltr'><strong>Nescio</strong></span> <span class='ocrx_word' id='word_1_284' title='bbox 422 3667 493 3746; x_wconf 89' lang='lat' dir='ltr'><strong>quid</strong></span> <span class='ocrx_word' id='word_1_285' title='bbox 511 3667 648 3742; x_wconf 82' lang='lat' dir='ltr'><strong>prolecto</strong></span> <span class='ocrx_word' id='word_1_286' title='bbox 664 3670 783 3730; x_wconf 79' lang='lat' dir='ltr'><strong>ahsente</strong></span> <span class='ocrx_word' id='word_1_287' title='bbox 797 3669 881 3730; x_wconf 81' lang='lat' dir='ltr'><strong>nohis</strong></span> <span class='ocrx_word' id='word_1_288' title='bbox 896 3669 1078 3728; x_wconf 87' lang='lat' dir='ltr'><strong>tnrbatnmst</strong></span> <span class='ocrx_word' id='word_1_289' title='bbox 1094 3667 1182 3739; x_wconf 86' lang='lat' dir='ltr'><strong>dorni,</strong></span> <span class='ocrx_word' id='word_1_290' title='bbox 1204 3662 1260 3729; x_wconf 91' lang='lat' dir='ltr'><strong>uhi</strong></span> <span class='ocrx_word' id='word_1_291' title='bbox 1274 3663 1348 3728; x_wconf 83' lang='lat' dir='ltr'><strong>vide</strong></span> <span class='ocrx_word' id='word_1_292' title='bbox 1366 3705 1370 3718; x_wconf 55' lang='grc' dir='ltr'><strong><em>ι</em></strong></span> 
     </span>
     <span class='ocr_line' id='line_1_34' title="bbox 186 3760 1120 3845; baseline -0.001 -20"><span class='ocrx_word' id='word_1_293' title='bbox 186 3760 356 3840; x_wconf 83' lang='lat' dir='ltr'><strong>Donatum,</strong></span> <span class='ocrx_word' id='word_1_294' title='bbox 378 3763 433 3842; x_wconf 90' lang='lat' dir='ltr'><strong>qui</strong></span> <span class='ocrx_word' id='word_1_295' title='bbox 456 3767 573 3826; x_wconf 63' lang='lat' dir='ltr'><strong>audate</strong></span> <span class='ocrx_word' id='word_1_296' title='bbox 595 3781 667 3828; x_wconf 89' lang='lat' dir='ltr'><strong>eum</strong></span> <span class='ocrx_word' id='word_1_297' title='bbox 690 3781 799 3845; x_wconf 91' lang='lat' dir='ltr'><strong>praep.</strong></span> <span class='ocrx_word' id='word_1_298' title='bbox 823 3781 924 3826; x_wconf 84' lang='lat' dir='ltr'><strong>eoram</strong></span> <span class='ocrx_word' id='word_1_299' title='bbox 947 3766 1120 3842; x_wconf 84' lang='lat' dir='ltr'><strong>comparat.</strong></span> 
     </span>
    </p>

    <p class='ocr_par' dir='ltr' id='par_1_10' title="bbox 185 3855 1348 4235">
     <span class='ocr_line' id='line_1_35' title="bbox 272 3855 1348 3941; baseline 0.001 -20"><span class='ocrx_word' id='word_1_300' title='bbox 272 3861 301 3922; x_wconf 84' lang='lat'><strong>2.</strong></span> <span class='ocrx_word' id='word_1_301' title='bbox 332 3861 467 3924; x_wconf 75' lang='lat' dir='ltr'><strong>Pluraue</strong></span> <span class='ocrx_word' id='word_1_302' title='bbox 489 3861 580 3927; x_wconf 87' lang='lat' dir='ltr'><strong>verbi</strong></span> <span class='ocrx_word' id='word_1_303' title='bbox 602 3863 743 3941; x_wconf 86' lang='lat' dir='ltr'><strong>ponitur,</strong></span> <span class='ocrx_word' id='word_1_304' title='bbox 769 3862 797 3928; x_wconf 92' lang='lat' dir='ltr'><strong>si</strong></span> <span class='ocrx_word' id='word_1_305' title='bbox 819 3861 859 3926; x_wconf 89' lang='lat' dir='ltr'><strong>de</strong></span> <span class='ocrx_word' id='word_1_306' title='bbox 881 3859 1029 3941; x_wconf 89' lang='lat' dir='ltr'><strong>pluribus</strong></span> <span class='ocrx_word' id='word_1_307' title='bbox 1051 3859 1205 3926; x_wconf 71' lang='lat' dir='ltr'><strong>subieritis</strong></span> <span class='ocrx_word' id='word_1_308' title='bbox 1226 3855 1348 3938; x_wconf 78' lang='lat' dir='ltr'><strong>aliqud</strong></span> 
     </span>
     <span class='ocr_line' id='line_1_36' title="bbox 185 3953 1347 4039; baseline -0.002 -17"><span class='ocrx_word' id='word_1_309' title='bbox 185 3953 378 4035; x_wconf 83' lang='lat' dir='ltr'><strong>affirmatur,</strong></span> <span class='ocrx_word' id='word_1_310' title='bbox 394 3957 474 4024; x_wconf 77' lang='lat' dir='ltr'><strong>¹rive</strong></span> <span class='ocrx_word' id='word_1_311' title='bbox 505 3957 560 4022; x_wconf 85' lang='lat' dir='ltr'><strong>illa</strong></span> <span class='ocrx_word' id='word_1_312' title='bbox 581 3957 649 4024; x_wconf 91' lang='lat' dir='ltr'><strong>sine</strong></span> <span class='ocrx_word' id='word_1_313' title='bbox 677 3959 898 4026; x_wconf 80' lang='lat' dir='ltr'><strong>coniunctione</strong></span> <span class='ocrx_word' id='word_1_314' title='bbox 925 3957 1031 4039; x_wconf 85' lang='lat' dir='ltr'><strong>posita</strong></span> <span class='ocrx_word' id='word_1_315' title='bbox 1056 3963 1147 4036; x_wconf 84' lang='lat' dir='ltr'><strong>sunt,</strong></span> <span class='ocrx_word' id='word_1_316' title='bbox 1175 3955 1243 4022; x_wconf 84' lang='lat' dir='ltr'><strong>siue</strong></span> <span class='ocrx_word' id='word_1_317' title='bbox 1273 3973 1347 4022; x_wconf 87' lang='lat' dir='ltr'><strong>enn-</strong></span> 
     </span>
     <span class='ocr_line' id='line_1_37' title="bbox 185 4053 1346 4136; baseline 0 -19"><span class='ocrx_word' id='word_1_318' title='bbox 185 4053 293 4120; x_wconf 85' lang='lat' dir='ltr'><strong>iuneta</strong></span> <span class='ocrx_word' id='word_1_319' title='bbox 315 4073 374 4136; x_wconf 88' lang='lat' dir='ltr'><strong>per</strong></span> <span class='ocrx_word' id='word_1_320' title='bbox 397 4054 634 4123; x_wconf 88' lang='lat' dir='ltr'><strong>uaniunetiones</strong></span> <span class='ocrx_word' id='word_1_321' title='bbox 656 4061 699 4136; x_wconf 78' lang='lat' dir='ltr'><strong>el,</strong></span> <span class='ocrx_word' id='word_1_322' title='bbox 722 4075 759 4119; x_wconf 81' lang='lat' dir='ltr'><strong>aa</strong></span> <span class='ocrx_word' id='word_1_323' title='bbox 779 4056 829 4122; x_wconf 89' lang='lat' dir='ltr'><strong>vel</strong></span> <span class='ocrx_word' id='word_1_324' title='bbox 852 4055 969 4136; x_wconf 89' lang='lat' dir='ltr'><strong>duplex</strong></span> <span class='ocrx_word' id='word_1_325' title='bbox 996 4073 1096 4130; x_wconf 78' lang='lat' dir='ltr'><strong>nepae</strong></span> <span class='ocrx_word' id='word_1_326' title='bbox 1143 4053 1346 4122; x_wconf 76' lang='lat' dir='ltr'><strong>Sie&#39;Terent</strong></span> 
     </span>
     <span class='ocr_line' id='line_1_38' title="bbox 187 4149 1345 4235; baseline -0.006 -15"><span class='ocrx_word' id='word_1_327' title='bbox 187 4153 285 4220; x_wconf 75' lang='lat' dir='ltr'><strong>Andr.</strong></span> <span class='ocrx_word' id='word_1_328' title='bbox 308 4154 334 4235; x_wconf 92' lang='lat'><strong>1,</strong></span> <span class='ocrx_word' id='word_1_329' title='bbox 360 4159 388 4235; x_wconf 89' lang='lat' dir='ltr'><strong>l,</strong></span> <span class='ocrx_word' id='word_1_330' title='bbox 411 4159 467 4221; x_wconf 79' lang='lat'><strong>27:</strong></span> <span class='ocrx_word' id='word_1_331' title='bbox 492 4157 569 4217; x_wconf 88' lang='lat' dir='ltr'><strong>Dum</strong></span> <span class='ocrx_word' id='word_1_332' title='bbox 592 4159 673 4218; x_wconf 69' lang='lat' dir='ltr'><strong>newa</strong></span> <span class='ocrx_word' id='word_1_333' title='bbox 694 4160 788 4218; x_wconf 82' lang='lat' dir='ltr'><strong>metue</strong></span> <span class='ocrx_word' id='word_1_334' title='bbox 809 4158 949 4231; x_wconf 68' lang='lat' dir='ltr'><strong>amaus·</strong></span> <span class='ocrx_word' id='word_1_335' title='bbox 960 4156 1165 4228; x_wconf 66' lang='lat' dir='ltr'><strong>populana.</strong></span> <span class='ocrx_word' id='word_1_336' title='bbox 1211 4149 1345 4231; x_wconf 86' lang='lat' dir='ltr'><strong>Adelph.</strong></span> 
     </span>
    </p>
   </div>
   <div class='ocr_carea' id='block_1_6' title="bbox 0 0 1528 4770">
    <p class='ocr_par' dir='ltr' id='par_1_11' title="bbox 0 0 1528 4770">
     <span class='ocr_line' id='line_1_39' title="bbox 0 0 1528 4770; baseline 0 0"><span class='ocrx_word' id='word_1_337' title='bbox 0 0 1528 4770; x_wconf 95' lang='lat' dir='ltr'><strong> </strong></span> 
     </span>
    </p>
   </div>
  </div>
 </body>
</html>
