3048 4770
642 164 682 204 DE
692 163 841 206 PERSONIS.
1264 173 1325 234 201

251 350 360 416 Tertia
389 369 527 434 persono
557 351 754 434 ,generaliter
787 358 821 418 et
853 350 1030 440 indefinite¹
1050 354 1156 434 positu
1179 357 1236 420 'est
1268 373 1329 436 pro

164 447 269 530 prime
290 448 395 514 Pleut.
419 449 485 515 Mil.
501 450 543 528 11,
562 456 591 534 2,
608 456 663 516 21:
692 454 790 513 Homo
812 453 964 526 quidamst
985 456 1115 530 qui-scit
1135 455 1214 529 quod
1236 471 1327 531 quee-

166 550 209 610 ris
231 551 283 610 ubi
307 552 360 626 sit,
381 577 425 598 ==
447 566 508 632 ego
531 569 611 622 sum,
635 548 690 630 qui
713 549 778 615 scio
802 545 919 630 (Rudd.
936 549 979 629 Il,
994 568 1024 631 p.
1043 555 1115 632 384,
1138 549 1245 615 adnot.
1264 553 1326 627 53).

166 645 295 710 Terent.
320 645 446 712 Phorm.
469 647 496 727 Ι,
519 653 548 727 2,
575 653 607 712 1:
638 650 737 726 Siquis
759 667 807 710 me
830 657 955 726 qureret
982 649 1066 712 ruins
1091 695 1122 714 ..
1145 649 1213 714 DA.
1237 653 1328 713 Prus-

167 750 257 820 stost,
298 746 401 808 desine
435 772 478 800 ε
506 750 637 828 prooem
674 764 761 826 sum,
795 763 871 812 num
902 747 971 828 ipse
1010 745 1161 828 loquitur.
1201 747 1326 825 (Rodd.

256 939 403 1006 Secunde
417 959 556 1021 persono
571 960 796 1024 nonnunquam
811 941 974 1008 indefinite
989 943 1120 1023 ponitur
1134 959 1192 1024 pro
1208 942 1329 1024 quevis.

168 1036 222 1104 Sic
245 1037 348 1104 Pleut.
372 1039 465 1105 Truc.
488 1039 537 1120 ΙΙ,
564 1046 599 1121 1,
626 1046 683 1106 19:

212 1140 369 1214 Nunquam
392 1142 533 1202 emuloris
556 1143 747 1204 meretricem
769 1147 889 1217 oportet
912 1159 1032 1205 censum
1054 1158 1189 1214 noscere,

213 1238 301 1310 Quin,
325 1238 375 1298 ubi
398 1237 440 1298 uil
463 1238 523 1316 det,
547 1258 603 1314 pro
625 1239 815 1316 infrequente
839 1239 988 1314 miraeo)
1012 1241 1136 1302 militine
1160 1240 1286 1299 domum.

169 1329 297 1398 Terent.
322 1333 419 1398 Andr.
442 1333 508 1414 111,
534 1341 565 1417 1,
590 1339 623 1400 2:
651 1339 787 1401 Fidelem
818 1338 896 1402 heud
926 1337 1021 1399 ferme
1051 1339 1168 1398 mulieri
1197 1337 1331 1400 inventos

170 1435 276 1508 virum,
305 1449 365 1514 pro
390 1435 455 1510 quis
478 1437 619 1497 inveniet.
670 1434 797 1502 Phorm.
823 1433 864 1514 ΙΙ,
891 1439 918 1513 1,
943 1439 999 1499 36:
1029 1453 1130 1498 omnes
1154 1442 1330 1510 congruont.

169 1533 268 1594 Unum
291 1533 433 1606 capturis,
456 1536 552 1594 omnis
573 1537 666 1612 noris,
682 1561 726 1584 π
742 1533 769 1598 si
792 1533 863 1612 quis
886 1550 983 1597 unum
1006 1532 1199 1614 cognoverit,
1222 1547 1332 1595 omnes

169 1626 264 1691 norit.
288 1625 430 1692 Offendit
452 1646 530 1696 usus
552 1631 712 1699 secundae
733 1647 889 1711 personae
919 1648 977 1710 per
999 1629 1230 1712 appositionem
1254 1643 1328 1693 curn

170 1727 238 1800 ouis
260 1725 446 1791 coniunctae
471 1724 551 1792 Octo
573 1727 610 1792 R.
631 1729 670 1794 R.
693 1745 718 1792 c.
743 1731 818 1792 106:
843 1731 941 1803 Siquis
963 1733 1030 1806 plus
1052 1730 1131 1790 voles
1152 1745 1246 1805 equue
1269 1745 1330 1788 me-

170 1825 255 1885 rinue
279 1826 556 1904 concinnere‚,pro
578 1830 716 1904 portione
740 1845 776 1889 eu
799 1829 897 1890 omniu
919 1827 1019 1892 facito.

206 1975 208 1985 ,
259 1920 292 1986 Si
319 1921 350 1986 in
374 1940 437 1988 une
459 1923 682 1990 enunciatione
706 1924 893 1990 coniunctae
916 1929 992 1989 sunt
1019 1923 1160 1990 secunda
1180 1926 1213 1987 et
1234 1921 1332 1986 tertie

172 2037 311 2102 persono
332 2021 554 2086 intercedente
576 2021 734 2102 particule
755 2025 833 2102 niet,
863 2022 909 2088 ita
936 2026 972 2088 ut
1001 2027 1137 2102 utreque
1159 2019 1331 2101 seperatim

171 2122 354 2202 spectetur,
380 2117 513 2184 verbum
536 2119 721 2199 poniturin
743 2121 1018 2200 remunetione,
1049 2123 1162 2201 utpote
1184 2135 1268 2198 quoe
1292 2118 1335 2182 sit

173 2217 354 2298 generalior
377 2219 410 2282 et
432 2215 604 2282 secundom
624 2217 702 2284 item
725 2217 758 2284 in
780 2235 814 2284 se
837 2216 987 2282 includet.
1022 2215 1074 2282 Sic
1095 2216 1200 2282 Pluut.
1217 2215 1333 2296 Amph.

172 2313 217 2394 II,
240 2318 268 2394 2,
296 2319 369 2379 112:
394 2318 471 2394 Quis
498 2319 588 2392 igitur
614 2317 675 2380 nisi
695 2335 747 2380 coe
768 2318 911 2378 narravit
931 2318 976 2388 ¹mi
1008 2317 1054 2378 illi
1077 2324 1109 2378 ut
1131 2314 1224 2376 inerit
1245 2331 1334 2390 proe-

173 2415 266 2476 lium?
310 2412 437 2478 Terent.
461 2412 580 2478 Heuut.
610 2411 648 2490 V,
673 2419 703 2494 3,
725 2418 783 2480 2οε
811 2418 884 2478 Turn
907 2421 1067 2492 praetereo
1094 2417 1185 2476 telem
1219 2415 1279 2475 nisi
1301 2417 1333 2472 tu

173 2514 260 2576 noim
282 2517 406 2588 pareret
434 2513 546 2591 filiun,
576 2511 616 2576 de
650 2528 713 2594 quo
740 2512 810 2580 loco
839 2503 943 2578 Rndd.
972 2529 1003 2592 p.
1032 2515 1111 2578 364:
1140 2508 1335 2591 „Principuli

175 2609 385 2690 substantivo,
408 2609 478 2676 sive
500 2609 660 2691 propiori,
682 2611 749 2678 sivo
772 2611 951 2691 remotiori,
974 2608 1166 2676 adiectinum
1187 2608 1334 2674 vel‘ver·

174 2708 251 2777 burn
274 2709 381 2790 aptius
404 2706 693 2787 accommodatur,“
718 2713 751 2774 et
772 2708 848 2776 ibid.
872 2708 979 2775 ednot.
1005 2715 1061 2773 17:
1087 2708 1168 2788 „Hic
1190 2707 1334 2786 verbnm,

174 2809 212 2870 ut
235 2823 307 2870 oum
328 2806 568 2888 principalium,
597 2806 644 2870 itu
670 2823 742 2875 curn
769 2806 921 2874 viciniore
950 2808 1118 2889 supposito
1150 2807 1236 2870 noto
1263 2820 1335 2868 con·

174 2903 292 2970 venit.“
338 2905 393 2972 Sin
419 2923 498 2972 vero
526 2905 629 2985 prime
656 2921 728 2972 cum
760 2902 898 2972 secundo
927 2903 979 2971 rel
1006 2905 1111 2985 primu
1134 2921 1205 2968 corn
1234 2901 1331 2968 tertie

173 3020 314 3084 persone
334 3005 367 3069 in
389 3022 486 3070 unum
507 3003 669 3071 notionem
692 3002 1020 3084 comprehenduntur,
1048 3002 1181 3068 verbum
1204 2999 1336 3080 ponitur

176 3103 209 3168 in
232 3104 336 3184 prime
357 3121 497 3183 persone
518 3099 661 3182 pluralis.
685 3105 799 3184 utpote
815 3117 897 3180 quoe
919 3101 962 3168 sit
977 3099 1084 3182 potior
1099 3112 1196 3179 quem
1210 3097 1334 3164 ulterue

173 3201 258 3268 illue·
303 3201 356 3268 Sic
377 3201 479 3266 Picus.
503 3198 619 3264 Pseud.
644 3198 674 3279 Ι,
699 3204 732 3272 3,-
752 3206 787 3266 4:
815 3203 879 3262 lem
908 3201 959 3262 diu
988 3217 1040 3277 epo
1069 3201 1138 3262 huic
1165 3207 1197 3260 et
1226 3198 1267 3258 mi
1289 3197 1338 3261 tie

114 3293 121 3305 ‘
175 3303 251 3364 irene
272 3303 418 3364 commus.
463 3297 590 3364 Terent
619 3296 756 3378 Adelph.
779 3295 811 3378 Ι,
836 3301 873 3374 2,
897 3302 952 3364 28:
982 3315 1078 3375 neque
1107 3314 1163 3374 ego
1186 3313 1281 3372 neque
1305 3301 1337 3355 tu

174 3399 314 3462 fecimus.
359 3396 403 3476 ΙΙ,
427 3400 456 3472 2,
483 3401 518 3460 5:
542 3400 611 3474 Epo
632 3398 817 3476 reputando,
838 3397 889 3458 iiic
911 3397 1112 3468 retinendo,
1134 3414 1227 3472 usquc
1250 3395 1339 3456 umbo

174 3496 288 3560 defessi
310 3514 421 3560 mmor.
1025 3531 1029 3539 ·

265 3591 407 3660 Offendit
434 3592 527 3661 locus
552 3591 648 3658 Ennii
675 3591 779 3658 annul.
807 3590 827 3659 l.
850 3590 981 3680 111,tr.
1005 3597 1058 3671 15,
1087 3583 1141 3658 ubi
1163 3601 1338 3672 pronomen

179 3691 340 3758 secundae
355 3708 512 3772 personae
528 3687 746 3763 intercedente
759 3705 852 3770 pron.
875 3689 1012 3756 relativo
1035 3709 1107 3756 oum
1130 3688 1227 3756 tertio
1248 3685 1339 3752 verli

175 3789 380 3855 coniunctum
404 3793 468 3856 est:
503 3793 619 3868 Vosque
648 3793 729 3855 leros
758 3798 869 3852 merum
894 3807 999 3852 nomen
1030 3785 1204 3869 (Bergkins
1228 3782 1341 3852 scribit

174 3888 330 3964 nostrum)
377 3893 429 3964 urci
470 3890 603 3950 tunditur
648 3892 764 3950 curant.
830 3885 994 3952 Charisius
1040 3884 1101 3963 IV,
1138 3903 1168 3965 p.
1208 3888 1270 3949 233
1304 3881 1338 3944 P.

177 4036 360 4048 -a--u—--u-e·
381 4037 387 4046 ι

249 4120 282 4186 ι’)
306 4119 401 4173 Mittas
429 4121 517 4192 Δθρ,
546 4130 577 4177 ut
602 4121 684 4177 etium
713 4122 798 4192 vulg.;
822 4121 904 4177 Both.
924 4125 1016 4189 votnm,
1041 4133 1111 4188 quoe
1138 4117 1202 4171 mihi
1230 4129 1337 4184 qnoque

173 4203 318 4274 scripture
336 4203 444 4260 ridetur
462 4218 524 4260 esse
544 4204 720 4266 rerlsiniior.
