3090 4768
260 159 308 223 20
699 143 826 186 VERBUM.
853 141 916 184 ΟΑΡ.
930 145 992 184 vin.

266 337 356 420 Tunc
395 339 564 417 praeterea
592 339 713 398 Nubere
751 353 814 400 nun
848 339 898 400 est
930 333 1092 414 passivum
1124 353 1227 416 neque
1260 332 1422 416 siguificat·

266 440 382 516 operiri
403 439 436 498 et
458 438 528 514 tegi,
552 433 608 499 sed
631 439 750 512 operire
774 438 807 499 et
822 430 955 508 tegere.“
999 433 1048 497 De
1063 425 1247 513 gerendivis
1264 435 1418 508 placenda,

262 537 431 614 peranda,
454 549 536 611 quae
558 548 631 596 uon.
643 536 790 612 spectant
805 532 846 595 ad
861 529 1031 610 passivum,
1053 548 1083 594 v.
1099 548 1126 594 c.
1141 530 1180 609 X,
1204 527 1222 611 ἐ
1241 537 1267 596 1.
1314 530 1417 597 Minus

267 631 408 712 offendit,
438 631 523 710 quod
546 631 665 697 dictum
688 633 738 696 est
757 647 777 693 a
795 629 912 694 Plauto
933 627 1131 692 Menaechm.
1153 628 1192 707 V,
1216 617 1245 708 6,
1268 635 1322 694 31;
1352 631 1423 690 silet

267 741 368 794 metuo
392 748 428 790 ne
452 748 520 792 sero
542 732 658 791 veniam
680 731 844 804 damnum
860 730 984 804 proelio,
1007 745 1079 793 cum
1101 726 1161 790 hoo
1183 727 1223 792 ad
1243 725 1418 806 analogiam

268 827 393 893 activae
422 824 666 904 constructionis
688 847 816 904 pugnum
829 845 965 904 pugnare
984 825 1101 890 dictum
1127 825 1178 904 sit,
1199 823 1302 889 minus
1325 823 1420 888 etiam

270 925 398 990 Terent.
422 924 500 988 Hec.
524 923 566 1002 ll,
592 927 620 1002 1,
644 929 678 989 3:
724 928 827 1002 Neque
857 925 1032 986 declinatum
1056 926 1213 1001 quidquam
1236 925 1273 984 ab
1296 926 1419 986 ullarum

268 1028 388 1103 ingenio
416 1027 506 1086 ullam
537 1023 706 1099 reperiasi,
736 1022 821 1102 quod
842 1020 999 1087 Funccius
1028 1021 1069 1086 ad
1096 1019 1178 1100 legg.
1200 1019 1264 1084 XII
1286 1019 1372 1085 tabb.
1395 1017 1423 1096 Ι,

268 1123 306 1188 ir.
336 1127 355 1186 9
388 1120 526 1202 explicat
559 1139 635 1196 quae
670 1123 884 1196 declinaverit,
918 1138 991 1184 nam
1023 1118 1184 1184 invenitur
1215 1118 1310 1182 etiam
1346 1134 1424 1180 usus

269 1220 459 1288 transitivus
481 1217 571 1282 verbi
593 1221 754 1282 declinare.

355 1316 462 1382 Etiam
484 1315 653 1380 verborum
672 1335 766 1395 posse,
789 1319 882 1392 quire,
903 1319 1025 1392 nequire
1046 1332 1065 1378 a
1083 1314 1196 1394 priscis
1212 1313 1424 1395 scriptoribus

269 1415 400 1498 passiva
429 1417 585 1493 usurpata
611 1420 685 1478 sunt
714 1413 979 1480 coniuncturum
1007 1412 1170 1478 infinitivis
1199 1413 1328 1493 passivi.
1373 1410 1423 1476 Sic

272 1513 403 1595 scripsit
415 1509 494 1576 Cato
518 1510 553 1574 R.
568 1510 605 1574 R.
630 1530 656 1576 c.
676 1518 749 1578 154:
773 1516 817 1574 uti
840 1514 1000 1586 transferri
1018 1516 1159 1591 poscitur,
1182 1511 1238 1578 ubi
1253 1508 1424 1576 Schneide-

270 1632 342 1678 rus:
387 1609 493 1691 „Loca
514 1606 610 1674 Nonii
633 1609 665 1673 in
687 1620 835 1686 perseum,
864 1614 1033 1694 poteratur
1058 1615 1091 1674 et
1112 1617 1261 1691 potestur
1276 1605 1424 1678 ,laudavit

271 1708 444 1786 Victorius,
478 1710 515 1769 ut
547 1705 687 1784 doceret,
720 1714 847 1772 veteres
882 1708 933 1772 ita
960 1707 1084 1774 locutos
1116 1707 1225 1772 fuisse.
1281 1706 1319 1771 In
1353 1704 1422 1770 edd.

272 1805 413 1884 antiquis
448 1810 519 1868 erat
551 1807 645 1868 antea
677 1810 781 1882 possit.
816 1810 863 1869 Ad
900 1811 999 1870 imum.
1054 1807 1097 1872 At
1126 1806 1235 1871 statim
1266 1804 1424 1884 sequitur:

271 1909 368 1983 possit
391 1952 398 1965 .
424 1912 455 1964 et
478 1905 515 1964 ad
538 1922 680 1966 summum
703 1951 711 1967 .
735 1904 790 1969 ubi
811 1904 934 1984 pariter
955 1903 1179 1984 corrigendum
1202 1908 1273 1970 orat
1295 1905 1424 1980 possitur

274 2053 281 2068 .
306 2005 344 2064 ad
367 2021 518 2066 summurn.
562 1997 643 2084 Nam
666 2018 729 2064 non
752 2001 900 2066 credibile
923 2008 974 2068 est
996 2001 1148 2067 Catonem
1167 2004 1199 2067 in
1220 2002 1334 2067 eodem
1355 1999 1425 2063 loco

273 2101 433 2166 diversam
462 2097 607 2179 posuisse
633 2096 800 2162 formam.“
851 2101 946 2164 Ennii
975 2101 1077 2168 annal.
1107 2102 1167 2167 inc.
1199 2101 1285 2166 sedis
1314 2098 1425 2177 fragm.

275 2203 351 2264 129:
381 2218 437 2260 nec
464 2198 579 2264 retrahi
601 2247 607 2258 .
632 2247 639 2260 .
664 2203 823 2278 premetur
851 2202 999 2276 Imperiis.
1048 2198 1231 2277 (Diomedes
1258 2198 1312 2262 lib.
1342 2197 1367 2262 l.
1395 2212 1425 2274 p.

277 2302 339 2362 380
357 2313 439 2376 sqq:
473 2294 574 2386 „Item
592 2298 743 2374 ¹potestur
765 2296 849 2386 apud
871 2297 1009 2362 Ennium
1030 2297 1220 2378 reperimus:
1245 2295 1325 2360 nec“
1347 2313 1376 2358 e.
1399 2310 1428 2372 q.

279 2399 333 2474 sl:
382 2398 432 2460 Ex
463 2394 518 2458 lib.
551 2392 577 2456 Ι.
610 2393 688 2472 orig.
717 2391 845 2458 Catonis
877 2396 993 2462 Festus
1025 2413 1055 2476 p.
1087 2400 1160 2460 162:
1207 2398 1371 2472 Nequitum
1398 2393 1429 2454 et

276 2497 418 2573 nequitur
450 2509 509 2572 pro
541 2507 604 2554 non
637 2507 732 2568 posse
765 2489 913 2562 dicebant
935 2543 975 2558 ..
1021 2493 1100 2558 Cato
1129 2494 1289 2574 originum
1317 2492 1372 2557 lib.
1399 2488 1428 2552 I:

276 2601 488 2670 praeterquam
514 2591 593 2664 quod
614 2590 753 2649 Termino
782 2589 881 2652 fanum
905 2591 969 2666 luit,
999 2594 1029 2652 id
1055 2595 1209 2666 aequitem
1232 2590 1428 2667 euuuparurr'.

278 2689 393 2754 Pleut..
413 2687 524 2768 fragm.
552 2684 809 2774 satrapeae,
833 2705 860 2749 v.
885 2691 920 2750 3:
964 2681 1089 2764 Re'trahi
1115 2693 1255 2766 nequitur
1284 2690 1385 2770 (Fest.
1409 2685 1428 2749 l.

280 2785 330 2867 c).
380 2784 496 2850 Caecil.
532 2783 612 2850 Stat.
647 2783 706 2848 inc.
742 2781 805 2848 fab.
837 2782 949 2864 fragm.
981 2790 1020 2850 29
1053 2787 1106 2861 (23
1135 2787 1258 2864 Rothi:
1310 2791 1343 2850 si
1372 2805 1429 2846 non

276 2887 387 2948 emetri
416 2886 527 2958 quitur.
572 2882 725 2960 (Diomed.
753 2881 777 2958 Ι,
800 2899 830 2960 p.
855 2887 938 2955 380).
983 2881 1110 2950 Terent.
1140 2885 1218 2950 Hac.
1241 2885 1299 2964 IV,
1324 2891 1351 2964 1,
1376 2888 1428 2948 57:

274 2983 381 3046 forma·
395 2985 426 3043 in
448 2984 582 3042 tenebris
603 2981 685 3042 nosci
706 3000 764 3042 non
787 2983 904 3054 ausast

362 3086 396 3144 4.
416 3097 442 3144 c.
486 3079 525 3144 In
547 3083 690 3146 extrema
712 3077 771 3144 hac
793 3077 833 3142 de
855 3079 980 3158 passivo
1004 3078 1218 3161 disputatione
1238 3080 1429 3164 significatio

277 3180 419 3254 reflexim
449 3177 518 3242 eius
548 3176 823 3242 commemoranda
849 3181 907 3254 est
934 3182 1069 3257 cognata
1091 3179 1289 3247 Graecorum
1315 3180 1433 3256 medio,

278 3277 368 3342 cuius
397 3276 523 3356 generis
550 3274 648 3338 verba
673 3278 823 3338 accurate
849 3273 977 3354 collegit
1003 3275 1274 3358 Nocltingius'de
1304 3281 1377 3361 dep.
1400 3296 1429 3358 p.

222 3394 225 3402 ·
281 3378 404 3440 18-29
434 3373 544 3438 multis
569 3371 647 3438 locis
669 3375 708 3435 et
733 3371 911 3451 priscorum
938 3379 970 3436 et
999 3377 1213 3440 recentiorum
1233 3377 1429 3458 scriptorum

278 3471 399 3543 allatis,
432 3489 513 3552 quos
546 3488 629 3535 nuuc
661 3477 811 3549 repetere
842 3471 1044 3550 supersedeo.
1099 3472 1190 3538 Adde
1220 3479 1331 3540 tamen
1364 3473 1430 3539 cius

280 3570 432 3649 exemplis
461 3569 564 3633 Plaut.
592 3567 706 3646 Amph.
736 3566 761 3646 Ι,
793 3573 818 3648 1,
848 3574 903 3634 83;
950 3572 985 3630 In
1012 3571 1184 3646 ingenuei
1213 3582 1315 3636 tumen
1344 3591 1430 3636 nemo

277 3672 459 3732 emunata
482 3673 515 3732 et
536 3665 664 3730 Terent.
688 3666 818 3744 Phorm,
838 3666 880 3745 ΙΙ,
904 3672 933 3746 2,
955 3674 976 3732 4
998 3672 1165 3745 adtingere.

366 3775 395 3832 5.
438 3767 683 3839 Breolloqaeuliu
712 3764 868 3843 quaedam
896 3766 999 3830 oritur
1028 3766 1061 3831 in
1090 3769 1207 3838 coactu,
1236 3769 1325 3847 quod
1347 3786 1430 3834 com-

280 3865 427 3944 pluribus
449 3865 556 3928 verbis
577 3868 727 3924 commuue
750 3868 800 3925 est
815 3863 956 3930 diversos
968 3881 1065 3932 casus
1080 3865 1268 3944 regentibus
1283 3874 1318 3932 et
1333 3863 1431 3932 semel

278 3969 403 4028 tautum
433 3963 572 4044 punitum.
616 3957 998 4026 elucubranda:
1043 3965 1190 4024 Fauillae
1218 3969 1297 4027 mele
1321 3985 1359 4027 ne
1383 3968 1429 4036 sit,

280 4081 328 4126 ue*
349 4069 455 4140 algeat,
483 4081 520 4124 ue
547 4062 673 4136 esuriat,
702 4078 793 4136 opere
824 4062 899 4120 bene
930 4069 1070 4122 exerceat
1098 4060 1167 4138 (ubi
1195 4066 1305 4128 mente
1335 4063 1430 4128 udde:

275 4166 368 4233 eum).
412 4159 538 4224 Terent.
561 4155 696 4237 Adelph.
720 4157 744 4235 Ι,
769 4164 798 4235 2,
822 4161 876 4222 65:
921 4161 1030 4220 Verum
1059 4162 1083 4220 si
1111 4179 1233 4236 augeam
1254 4165 1319 4223 Aut
1341 4165 1430 4224 etiarn
