3036 4766
433 175 434 182 *
514 124 663 166 ceccaum
677 125 911 166 rnarrcucnauu.
1234 133 1298 196 343

131 310 233 392 Epid.
257 309 300 390 II,
324 316 353 390 3,
377 316 411 378 9:
435 321 523 392 atque
544 316 575 374 id
596 332 708 388 quoquc
730 316 836 378 habeo.
858 312 974 380 Bacch.
998 313 1055 396 IV,
1077 317 1108 392 8,
1125 317 1182 380 51:
1205 316 1299 376 Immo

132 416 187 469 est
215 427 334 484 qaoque.
387 407 484 475 Poen.
506 409 545 490 V,
569 414 603 490 2,
629 414 703 474 125:
740 414 817 488 Quin
844 430 911 474 mea
937 430 1049 489 quoque
1078 415 1137 476 icto
1165 413 1298 484 habebit,

136 509 241 582 siquid
263 525 309 568 ms
333 507 405 570 fuat.

228 608 276 668 39.
324 605 548 668 Oouioncdnaes
581 608 796 668 adversativae.
850 606 926 675 Ast,
959 613 993 668 ot
1024 604 1118 672 unius
1151 603 1298 672 vocabuli

133 699 259 780 duplex
280 699 383 767 forma
405 707 464 771 est·
493 701 939 772 Sec.HandiuminTurse11.
963 701 996 784 Ι,
1027 721 1057 784 p.
1081 707 1144 770 418
1166 702 1298 784 propria

135 803 172 861 et
197 816 261 864 una
283 801 332 865 vis
359 799 454 865 huius
477 800 706 866 coniunctionis
736 800 877 868 cernitur
903 801 936 866 in
966 800 1181 883 oppositione,
1215 817 1298 882 quae

136 913 212 960 esse
235 901 346 977 potest
368 905 402 962 et
424 897 577 962 contrarii
600 902 633 962 et
655 898 782 964 diversi.
829 897 936 974 Quare
959 917 1021 963 non
1045 898 1179 974 inservit
1201 915 1298 979 copu-

136 992 253 1058 lationi
275 995 506 1060 sententiarum
537 995 670 1076 simplici
699 1013 803 1076 neque
833 1012 985 1076 usquam,
1019 995 1082 1062 nisi
1109 995 1173 1061 alia
1200 1013 1298 1062 causa

135 1091 370 1172 intercedente,
393 1093 433 1158 ab
455 1093 545 1158 initio
561 1093 715 1158 orationis
731 1093 805 1173 poni
820 1097 936 1174 potest.
969 1092 1102 1158 Omnem
1121 1093 1297 1174 particulae

137 1206 235 1254 usum
257 1189 403 1254 Haudius
425 1207 455 1270 p.
471 1194 535 1256 420
557 1190 598 1254 ad
621 1191 683 1257 tria
709 1208 828 1272 genera
842 1195 983 1270 revocat,
1007 1207 1143 1271 quorum
1158 1192 1296 1272 primum

139 1285 182 1349 ob
208 1285 383 1367 simplicem
407 1287 618 1368 oppositionis
642 1285 907 1368 significationem
929 1288 1038 1354 vocari
1059 1293 1168 1370 potest
1188 1307 1296 1374 gram·

140 1385 306 1463 mnticum,
329 1384 467 1450 alterum
490 1385 693 1462 rhetoricum,
717 1385 847 1449 tertium
870 1385 1075 1465 patheticum.
1120 1387 1170 1452 De
1186 1385 1298 1452 discri-

139 1481 225 1544 mine
248 1469 371 1562 autem,
400 1482 484 1562 quod
506 1482 677 1547 intercedit
694 1482 788 1560 ,inter
815 1489 848 1546 ot
869 1488 903 1547 et
923 1487 989 1555 sed,
1013 1483 1158 1550 Handiuc
1180 1502 1210 1564 p
1233 1488 1296 1550 425

139 1576 221 1642 haec
244 1578 353 1643 habet:
385 1581 474 1651 „Sed
506 1598 544 1645 ex
566 1599 597 1642 sc
624 1578 760 1658 factum,
796 1581 959 1670 propriam
987 1582 1051 1646 vim
1074 1580 1172 1646 babet
1192 1581 1297 1648 seclu-

140 1674 245 1754 dendi‚
270 1693 371 1756 eoque
394 1677 520 1742 nomine
541 1674 649 1742 differt
669 1678 710 1743 ab
733 1682 772 1740 ot
818 1677 855 1741 ld
887 1679 969 1744 enim
991 1679 1111 1744 indicat
1131 1696 1201 1744 rem
1224 1695 1298 1743 con·

139 1773 274 1836 tranium
297 1777 356 1838 aut
376 1779 489 1838 contra
511 1775 706 1856 oppositam,
735 1777 786 1837 sed
812 1793 876 1840 non
898 1777 1044 1858 opponit,
1075 1776 1131 1841 sed
1161 1776 1297 1842 secernit

141 1877 176 1934 et
198 1872 331 1951 apponit
352 1871 394 1946 id,
418 1872 503 1952 quod
526 1872 785 1952 distinguendum
808 1873 943 1938 videtur.
997 1872 1106 1938 Veluti
1135 1873 1190 1952 qui
1221 1872 1299 1939 dicit
1332 1888 1335 1896 “

140 1970 221 2030 dives
251 1976 308 2038 est,
341 1972 393 2031 sed
409 1989 468 2030 coc
492 1973 622 2046 protos,
645 1968 705 2034 hoc
729 1969 811 2048 vult,
844 1973 1031 2050 praeterea,
1066 1969 1152 2051 quod
1182 1971 1297 2051 aliquis

141 2066 229 2130 dives
253 2066 304 2138 sit,
328 2085 400 2130 eum
424 2086 488 2132 non
509 2067 646 2148 probum
669 2084 754 2131 esse:
786 2067 853 2132 sive
884 2067 939 2148 qui
961 2069 1038 2134 dicit
1059 2088 1120 2130 coa
1141 2071 1223 2132 dices
1245 2075 1297 2140 est,

140 2167 192 2226 sed
215 2168 348 2240 protos,
369 2165 401 2228 in
425 2183 482 2244 eo,
510 2163 594 2244 quod
616 2182 679 2229 non
702 2163 792 2229 dives
814 2170 879 2244 est,
901 2165 1096 2246 probitatem
1119 2165 1296 2248 distinguit.

143 2259 249 2338 Quum
271 2269 379 2327 cutem
402 2261 473 2326 dico
496 2265 644 2332 dinoscet,
666 2268 772 2324 otaoc
787 2265 909 2338 mobis,
932 2261 1052 2328 divitiis
1075 2280 1200 2344 oppono
1223 2282 1297 2345 pro·

142 2357 252 2422 bitatis
274 2357 433 2424 defectum
454 2361 514 2440 ita,
537 2357 667 2426 utillas
694 2376 764 2424 esse
789 2358 966 2426 concedens
989 2359 1070 2426 hauc
1093 2364 1202 2424 tamen
1225 2377 1297 2426 esse

142 2474 269 2536 negem,
303 2475 361 2522 nec
384 2463 508 2522 tentum
539 2455 772 2536 diversitatem,
802 2456 857 2522 sed
880 2458 1113 2539 oppositionem
1141 2457 1189 2523 rei
1220 2456 1297 2524 defi·

145 2553 258 2618 cientis
281 2559 315 2620 et
335 2555 384 2618 rei
406 2572 469 2620 non
485 2553 662 2620 deficientis
676 2552 877 2636 agnoscam.“

227 2671 255 2715 a.
299 2651 522 2734 Oppositione,
555 2669 650 2732 quam
682 2650 841 2732 particula
874 2657 906 2712 ot
938 2651 1104 2733 exprimit,
1151 2656 1209 2717 aut
1243 2671 1297 2719 res

143 2748 384 2830 distinguuntur
411 2768 450 2814 ex
476 2749 611 2816 adverso
640 2749 778 2831 positae,
812 2755 870 2815 cut
898 2747 1076 2816 sententiae
1106 2750 1296 2817 contrariae.

142 2845 248 2926 Atque
271 2845 304 2911 in
325 2848 424 2913 rebus
446 2847 643 2927 opponendis
667 2863 704 2912 ea
726 2843 886 2928 significat
908 2866 944 2909 ec
959 2850 1054 2909 altero
1071 2854 1170 2925 porte,
1193 2867 1208 2910 e
1230 2867 1296 2911 coa·

145 2945 244 3006 trotio
270 2952 366 3025 perte.
413 2945 464 3011 Sic
486 2944 632 3008 Hendius
659 2961 690 3024 p.
714 2948 791 3023 420,
818 2943 873 3022 qui
900 2943 1015 3009 deinde
1037 2944 1204 3026 impugnat
1225 2965 1298 3012 sen·

142 3042 275 3106 tentiam
301 3042 405 3108 Rostii
435 3047 599 3107 comment.
629 3041 734 3106 Plaut.
763 3059 792 3122 p.
818 3043 880 3106 240
901 3058 968 3122 sqq.
998 3040 1156 3116 (Plautia.
1187 3043 1297 3124 cuped.

142 3136 251 3204 fercul.
278 3139 332 3220 13)
355 3140 497 3206 docentis
523 3146 556 3203 ot
577 3157 639 3204 non
659 3139 736 3220 poni
768 3139 829 3204 nisi
857 3137 911 3204 ubi
941 3138 1012 3218 quis
1034 3156 1113 3204 suae
1135 3143 1192 3206 cut
1214 3139 1297 3206 clius

143 3236 279 3303 hominis
303 3239 482 3303 sententiae
504 3237 672 3304 veritatem
692 3235 941 3318 facultatemque
956 3236 1125 3318 impugnet
1139 3240 1236 3318 atque
1251 3236 1297 3302 ita

145 3334 287 3400 diversas
304 3341 337 3399 et
352 3335 529 3402 contraries
553 3335 738 3411 sententias,
760 3352 825 3399 non
839 3333 925 3415 ipsas
941 3334 1086 3400 diverses
1100 3351 1153 3400 res
1169 3333 1296 3418 opponi.

144 3429 269 3515 Fragm.
299 3432 382 3514 legis
405 3433 508 3498 Servii
530 3431 625 3498 Tullii
648 3450 698 3514 ap.
722 3432 855 3497 Festum
876 3450 905 3496 v.
927 3435 1064 3507 plorare:
1094 3435 1119 3495 si
1141 3441 1297 3510 parentem

144 3551 217 3610 puer
240 3535 388 3609 verberit,
410 3537 459 3596 ost
480 3535 539 3594 olle
562 3535 705 3609 plorassit
723 3534 824 3607 pareri
847 3549 921 3607 puer
944 3533 1018 3592 diris
1037 3538 1195 3608 parentum
1211 3549 1298 3593 secer

145 3638 217 3694 esto.
262 3627 346 3706 Cato
363 3628 402 3692 R.
425 3628 462 3693 R.
485 3627 585 3709 praef.
608 3629 628 3706 ξ
651 3635 680 3692 4.
704 3625 798 3692 Ennii
820 3627 924 3694 annal.
947 3645 975 3692 v.
999 3632 1040 3693 82
1064 3645 1132 3708 sqq.
1156 3645 1207 3709 cp.
1232 3625 1296 3692 Cic.

145 3727 184 3792 dc
206 3727 267 3792 div.
291 3725 315 3806 1,
339 3729 739 3804 48:1umusauspicnose
763 3727 888 3791 devovet
914 3733 1003 3802 etque
1027 3728 1186 3790 secundem
1210 3727 1298 3788 Solus

147 3845 228 3888 crem
268 3833 394 3890 servat.
423 3832 456 3887 ot
489 3827 630 3888 Romulus
662 3825 789 3902 pulcher
822 3826 852 3885 in
887 3825 947 3884 alto
982 3827 1107 3899 Quaerit
1138 3825 1296 3886 Aventino.

145 3921 356 4004 Epicharmus
377 3919 418 3988 fr.
442 3926 478 3986 5:
502 3930 585 3984 terre
607 3941 716 3998 corpus
739 3926 794 3998 est,
818 3923 980 3984 admontis
1002 3924 1079 3999 iguis
1103 3930 1158 3984 est.
1193 3917 1299 3982 Euhe-

146 4037 252 4088 merus
274 4019 312 4084 fr.
337 4025 366 4102 3,
390 4025 439 4085 21.
463 4018 567 4084 Plaut.
591 4016 683 4097 Capi.
699 4016 759 4098 III,
783 4023 811 4098 5,
828 4021 885 4082 26:
909 4019 941 4080 Si
964 4037 1018 4096 ego
1042 4021 1090 4080 hic
1112 4017 1228 4094 peribo,
1252 4021 1302 4075 ost

145 4121 205 4195 ille,
228 4126 262 4180 ut
285 4121 369 4198 dixit,
393 4137 453 4181 non
475 4119 568 4180 redit:
590 4116 635 4178 At
657 4119 717 4178 erit
738 4120 778 4178 mi
801 4118 857 4178 hoc
880 4116 990 4178 iactum
1015 4122 1131 4177 mortuo
1153 4129 1302 4174 memora-
