3076 4762
507 179 547 220 DE
561 178 661 222 101118,
674 201 699 210 -
714 179 937 221 conmaculans.
1064 225 1068 232 ,
1244 190 1304 251 187

225 370 275 431 30.
320 366 358 432 In
379 371 514 431 66166616
535 369 808 447 monachandos,
831 369 859 432 si
880 369 969 433 nulla
990 369 1055 433 alia
1077 385 1175 434 causa
1196 369 1302 450 poscit

138 462 394 545 coniunctivum,
428 465 496 530 sive
518 467 546 531 ia
568 471 620 530 est
641 465 841 546 potentialis,
876 467 944 532 sive
966 465 1208 544 conditionalis,
1234 466 1302 532 sive

137 559 383 642 imperatorius,
421 564 488 630 sive
521 581 560 628 ex
590 564 735 628 oratione
770 563 901 644 obliqua
930 569 1044 644 aptus,
1076 564 1299 630 coniunctivua

136 657 268 736 ponitur
289 665 347 724 aut
367 661 400 724 in
421 657 509 726 finali
531 661 768 741 enunciatione,
799 669 835 727 ut
857 662 1023 728 consilium
1046 662 1221 742 exprimat,
1244 666 1303 726 aut

68 817 71 824 ,
135 755 170 820 16
192 759 406 839 consecutiva,
428 763 486 824 aut
507 759 540 823 in
556 759 687 832 6666611,
710 758 815 822 autin
831 759 1023 826 concessiva
1054 759 1177 840 Negari
1191 764 1300 826 tamen

134 869 200 920 666
222 859 340 937 potest,
364 856 524 921 interdum
547 855 776 936 limitesatque
791 853 880 937 fines,
904 873 1007 936 neque
1023 857 1078 937 qui
1092 857 1296 922 intercedunt

136 952 220 1018 inter
234 951 361 1019 finalem
378 963 410 1018 et
425 954 662 1019 consecutivam
678 971 782 1034 nequa
806 956 860 1034 qui
882 955 967 1020 inter
990 954 1152 1020 causalem
1167 962 1201 1019 et
1224 972 1298 1020 con·

134 1051 291 1116 censivam
314 1051 577 1129 enunciationem,
602 1065 695 1131 posse
718 1056 784 1116 tam
798 1057 947 1118 accurate
971 1052 1199 1131 circumscribi,
1220 1053 1298 1134 quin

132 1163 359 1229 nonnunquam
381 1149 512 1214 dubium
535 1149 577 1213 sit
599 1150 640 1214 ad
656 1155 760 1213 utram
776 1150 911 1229 quiaque
926 1149 1018 1215 locus
1034 1151 1076 1217 sit
1096 1149 1293 1218 referendus.

220 1249 252 1322 a)
299 1249 509 1310 caramtocus
524 1248 559 1308 da
573 1250 821 1322 montecorlino
833 1244 1014 1325 (6666616616
1027 1249 1150 1323 finale).
1185 1246 1299 1314 Naevii

132 1341 319 1422 Triphallus
348 1361 377 1410 v.
410 1349 467 1410 98:
497 1347 657 1422 Extemplo
688 1355 718 1408 ie
748 1349 801 1408 illo
833 1348 948 1423 ducam,
980 1349 1032 1406 661
1067 1366 1125 1409 666
1156 1348 1296 1420 drepana

133 1437 247 1504 Marcii
268 1442 352 1507 vatis
375 1459 503 1508 carmen
526 1441 665 1506 alterum
688 1442 814 1524 (Egger.
837 1461 868 1522 p.
908 1443 1001 1518 lll):
1036 1448 1170 1520 Apollini
1186 1463 1297 1508 consae
1359 1455 1364 1462 ·

133 1541 283 1602 uouendos
313 1543 410 1615 ludos,
442 1540 496 1614 666·
524 1543 681 1617 quotannis
711 1546 908 1605 communiter
941 1544 1027 1616 11661.
1082 1541 1162 1607 Cato
1189 1543 1225 1606 R.
1257 1542 1295 1608 ii

129 1653 158 1701 c.
184 1639 217 1700 6:
247 1642 327 1704 6666
357 1641 498 1716 asparagi
523 1639 607 1711 finni.
641 1636 696 1702 Ih:
725 1641 854 1702 Salicem
886 1643 1032 1703 Graecam
1066 1644 1178 1704 circum
1207 1659 1295 1704 aruu-

127 1745 265 1805 dinetum
288 1741 391 1815 serito,
413 1739 457 1797 nti
480 1739 538 1798 siet
560 1739 612 1810 quc
634 1740 751 1800 vineam
774 1739 887 1813 6111666.
912 1736 945 1802 C.
975 1744 1031 1802 10:
1055 1741 1135 1802 dolia
1167 1757 1223 1813 666
1253 1742 1295 1800 vi-

131 1857 242 1904 naceos
265 1837 380 1898 condat.
424 1832 460 1898 Ο.
489 1839 540 1897 11;
571 1835 652 1900 66116
671 1837 733 1896 ,661
761 1839 903 1902 vinacoos
929 1840 1044 1900 6666161.
1096 1835 1130 1902 C.
1162 1843 1216 1902 12:
1243 1839 1296 1900 661

129 1941 219 2018 prela
246 1938 305 1998 sita
331 1930 498 1996 61666166
528 1932 691 1995 confibulas
719 1937 849 2011 ligneas,
877 1938 930 2009 par·
964 1939 1089 1998 arbores
1118 1937 1293 2010 conprimat.

130 2037 165 2103 O.
201 2039 254 2101 13·
284 2037 396 2096 lectum
425 2038 560 2104 stratum,
590 2032 642 2092 nbi
666 2033 725 2094 duo
748 2035 889 2095 custodes
904 2036 994 2096 liberi
1016 2037 1128 2097 666661.
1175 2032 1208 2096 C
1234 2038 1294 2098 592

129 2137 208 2197 6666
234 2139 378 2195 66616666
401 2131 487 2208 com,
509 2155 553 2178 =
575 2133 612 2192 66
634 2129 719 2194 inde
743 2128 776 2194 O
802 2133 858 2194 ’1ε6
883 2135 1010 2194 Furinae
1027 2129 1232 2207 siligineaeL.
1250 2129 1292 2196 ΙΙ.

127 2234 324 2297 6666661666
347 2227 454 2300 facim,
499 2225 594 2310 Ennii
617 2227 790 2293 Alexandri
813 2228 850 2292 fr.
878 2234 933 2293 ll:
956 2233 1032 2292 Nam
1054 2233 1182 2296 maximo
1213 2232 1292 2292 saltu

129 2331 286 2408 superabit
308 2305 641 2488 366616666666ᾏ641Σιι
618 2344 720 2402 equus,
744 2329 802 2390 Suo
824 2330 878 2401 666
898 2336 988 2404 partu
1005 2324 1202 2404 [prodigioso]
1222 2343 1290 2399 per-

126 2433 181 2491 6161
209 2431 355 2502 Pergama
385 2424 487 2486 ardua.
670 2425 724 2488 Aa.
752 2423 779 2503 I,
816 2431 841 2503 1,
871 2430 926 2490 70·
953 2427 1048 2501 cupio
1079 2443 1146 2487 esse
1175 2426 1288 2492 amicae

124 2528 204 2603 paud
225 2527 553 2598 acarasseorum.
599 2519 1291 2602 6166.11,6,66;66-ρο66ειη

125 2641 175 2689 co.
222 2620 314 2702 Epid.
337 2616 397 2694 111,
422 2623 450 2694 3,
477 2623 603 2699 loqu:

297 2721 364 2780 Non
388 2720 448 2778 oris
471 2736 563 2780 causa
584 2722 672 2796 mpdo
695 2722 829 2784 homines
853 2739 976 2796 aequom
999 2717 1057 2782 init

202 2867 204 2870 .
294 2818 357 2878 Sibi
378 2817 490 2877 habere
514 2820 676 2893 speculum,
699 2821 751 2880 abi
774 2839 807 2881 os
821 2821 1053 2894 ¹corctencplorcnt
1074 2836 1157 2881 suom

298 2915 356 2976 Sed
381 2916 432 2987 coc
454 2920 628 2991 perspicere
646 2922 843 2990 poscentem
866 2923 1041 2993 sapientiae.

122 3014 241 3084 Bacch.
264 3009 325 3090 ΠΙ,
350 3013 378 3086 6,
411 3017 466 3076 35:
499 3013 554 3076 tibi
583 3035 641 3078 666
671 3018 862 3079 meretricum
886 3019 1010 3076 aliarum
1033 3021 1100 3074 erat
1121 3046 1165 3056 —
1187 3016 1284 3092 copia,

120 3119 306 3196 Quihaaoum
328 3111 453 3171 6666666
475 3129 547 3173 reru.
593 3111 648 3191 IV,
673 3117 701 3191 9,
727 3117 802 3178 138:
826 3117 969 3190 promtu
985 3129 1112 3188 quaeras
1128 3112 1178 3184 qui
1193 3112 1284 3183 serat

122 3213 163 3278 ih.
187 3231 217 3276 v.
246 3213 323 3274 142:
353 3211 408 3270 Vel
440 3211 478 3270 66
508 3212 636 3287 aliquem
666 3215 717 3286 666·
738 3231 785 3274 me
807 3217 909 3275 666661.
952 3206 1069 3274 Bacch.
1093 3226 1123 3272 v.
1150 3209 1284 3274 118121

122 3315 180 3373 hac
203 3326 319 3370 mecum
341 3310 431 3384 intro,
454 3310 507 3369 661
529 3311 584 3370 tibi
606 3313 646 3371 sic
668 3312 778 3387 lepide,
801 3334 846 3364 ε
867 3313 903 3374 ut
925 3308 978 3373 ibi.
1002 3307 1097 3372 Poen.
1122 3304 1160 3386 V,
1176 3312 1205 3384 4,
1223 3311 1281 3370 94:

119 3407 576 3484 numerumnunerum.
622 3407 712 3472 Pera.
742 3407 779 3480 V,
809 3413 838 3486 2,
866 3411 923 3472 63:
952 3409 1043 3469 Oerto
1071 3409 1117 3468 illi
1146 3409 1282 3468 homiues

121 3509 195 3570 mihi
225 3506 329 3564 nescio
360 3506 430 3580 quid
459 3509 619 3568 consulunt
641 3511 711 3570 ronli
741 3509 819 3582 quod
844 3506 969 3579 fodant.
993 3503 1074 3568 nuo.
1104 3503 1147 3582 Il,
1173 3509 1200 3578 7,
1228 3508 1281 3568 13:

122 3608 160 3667 66
189 3605 262 3664 mihi
292 3604 404 3676 aliquid
434 3605 488 3664 661
514 3605 746 3669 emanaturam
773 3608 840 3667 loci.
891 3603 983 3670 Truc.
1012 3603 1049 3682 V,
1078 3620 1105 3666 v,
1138 3607 1191 3665 ii:
1224 3604 1281 3664 hoo

119 3706 235 3778 accipe,
252 3702 304 3775 quc
319 3704 396 3761 istuc
412 3702 528 3776 efficior
543 3722 627 3778 opus.
651 3701 767 3768 Caecil.
785 3701 864 3767 stuc.
882 3701 1064 3781 Synephebi
1086 3698 1124 3764 fr.
1142 3705 1176 3766 2:
1199 3701 1281 3760 Serit

120 3803 255 3874 arbores,
278 3817 353 3873 6666
368 3801 458 3862 alteri
473 3806 573 3864 saccio
586 3804 710 3875 6666166.
746 3800 874 3864 Terent.
891 3799 989 3864 Andr.
1005 3799 1086 3879 prol.
1110 3818 1139 3862 v.
1155 3804 1174 3863 5
1194 3814 1279 3878 sqqc

118 3901 195 3961 Nam
218 3901 249 3960 iu
272 3901 406 3987 prologis
427 3901 595 3964 scribondis
617 3917 738 3977 oporam
761 3901 904 3973 abutitur,
925 3901 991 3962 Nou
1007 3905 1060 3972 eci
1073 3908 1280 3978 argumentum

117 4002 232 4075 666661,
261 3998 315 4057 sed
344 3998 395 4068 661
429 4000 560 4060 malivoli
592 4002 711 4060 Veteris
746 4007 854 4076 poetae
887 4000 1055 4061 maledictis
1090 3999 1278 4075 respondent,

117 4095 204 4173 6666
226 4111 290 4158 666
313 4097 401 4158 recte
425 4093 667 4162 Wasterhovius
688 4102 868 4176 percipere
889 4099 942 4171 661
967 4095 1113 4177 explicat,
1151 4114 1179 4158 r.
1217 4095 1277 4158 vol.

117 4191 143 4271 I,
166 4209 197 4272 p.
222 4195 293 4258 381.
318 4190 415 4254 Andr.
438 4189 481 4271 Π,
507 4198 535 4273 1,
558 4201 613 4261 64;
637 4197 748 4258 efficite
770 4196 932 4270 quidemr
954 4197 1025 4256 tibi:
1048 4198 1113 4272 Ego
1135 4197 1164 4254 id
1181 4213 1278 4274 agam,
