<?xml version="1.0" encoding="UTF-8"?>
<!DOCTYPE html PUBLIC "-//W3C//DTD XHTML 1.0 Transitional//EN"
    "http://www.w3.org/TR/xhtml1/DTD/xhtml1-transitional.dtd">
<html xmlns="http://www.w3.org/1999/xhtml" xml:lang="en" lang="en">
 <head>
  <title>
</title>
<meta http-equiv="Content-Type" content="text/html;charset=utf-8" />
  <meta name='ocr-system' content='tesseract 3.04.00' />
  <meta name='ocr-capabilities' content='ocr_page ocr_carea ocr_par ocr_line ocrx_word'/>
</head>
<body>
  <div class='ocr_page' id='page_1' title='image "./syntaxispriscor02holtgoog_0326.png"; bbox 0 0 3036 4766; ppageno 0'>
   <div class='ocr_carea' id='block_1_1' title="bbox 493 145 1268 218">
    <p class='ocr_par' dir='ltr' id='par_1_1' title="bbox 493 145 1268 218">
     <span class='ocr_line' id='line_1_1' title="bbox 493 145 1268 218; baseline 0.018 -32"><span class='ocrx_word' id='word_1_1' title='bbox 493 145 640 186; x_wconf 66' lang='lat' dir='ltr'>moeretur</span> <span class='ocrx_word' id='word_1_2' title='bbox 656 145 887 186; x_wconf 75' lang='lat' dir='ltr'>Peuulcuuauutl.</span> <span class='ocrx_word' id='word_1_3' title='bbox 1207 157 1268 218; x_wconf 78' lang='lat'>307</span> 
     </span>
    </p>
   </div>
   <div class='ocr_carea' id='block_1_2' title="bbox 111 334 1272 418">
    <p class='ocr_par' dir='ltr' id='par_1_2' title="bbox 111 334 1272 418">
     <span class='ocr_line' id='line_1_2' title="bbox 111 334 1272 418; baseline 0.003 -21"><span class='ocrx_word' id='word_1_4' title='bbox 111 337 176 414; x_wconf 83' lang='lat' dir='ltr'>tur,</span> <span class='ocrx_word' id='word_1_5' title='bbox 199 335 358 414; x_wconf 88' lang='lat' dir='ltr'>quomodo</span> <span class='ocrx_word' id='word_1_6' title='bbox 381 334 454 400; x_wconf 91' lang='lat' dir='ltr'>huic</span> <span class='ocrx_word' id='word_1_7' title='bbox 477 334 652 418; x_wconf 78' lang='lat' dir='ltr'>particulae</span> <span class='ocrx_word' id='word_1_8' title='bbox 677 336 828 402; x_wconf 80' lang='lat' dir='ltr'>succedat</span> <span class='ocrx_word' id='word_1_9' title='bbox 858 339 975 398; x_wconf 79' lang='lat' dir='ltr'>etiamsi</span> <span class='ocrx_word' id='word_1_10' title='bbox 1002 337 1033 400; x_wconf 94' lang='lat' dir='ltr'>in</span> <span class='ocrx_word' id='word_1_11' title='bbox 1056 335 1272 402; x_wconf 85' lang='lat' dir='ltr'>confirmanda</span> 
     </span>
    </p>
   </div>
   <div class='ocr_carea' id='block_1_3' title="bbox 44 432 1361 4321">
    <p class='ocr_par' dir='ltr' id='par_1_3' title="bbox 109 432 1361 1514">
     <span class='ocr_line' id='line_1_3' title="bbox 111 432 1272 515; baseline 0.003 -20"><span class='ocrx_word' id='word_1_12' title='bbox 111 433 280 512; x_wconf 88' lang='lat' dir='ltr'>sententia,</span> <span class='ocrx_word' id='word_1_13' title='bbox 304 433 435 498; x_wconf 88' lang='lat' dir='ltr'>remotis</span> <span class='ocrx_word' id='word_1_14' title='bbox 457 434 506 514; x_wconf 87' lang='lat' dir='ltr'>iis,</span> <span class='ocrx_word' id='word_1_15' title='bbox 530 450 612 514; x_wconf 91' lang='lat' dir='ltr'>quae</span> <span class='ocrx_word' id='word_1_16' title='bbox 635 433 764 500; x_wconf 87' lang='lat' dir='ltr'>obstare</span> <span class='ocrx_word' id='word_1_17' title='bbox 786 432 947 498; x_wconf 91' lang='lat' dir='ltr'>videntur.</span> <span class='ocrx_word' id='word_1_18' title='bbox 977 433 1081 500; x_wconf 86' lang='lat' dir='ltr'>Plaut.</span> <span class='ocrx_word' id='word_1_19' title='bbox 1104 435 1195 514; x_wconf 87' lang='lat' dir='ltr'>Epid.</span> <span class='ocrx_word' id='word_1_20' title='bbox 1214 434 1272 515; x_wconf 95' lang='grc' dir='ltr'>ΙΙΙ,</span> 
     </span>
     <span class='ocr_line' id='line_1_4' title="bbox 110 529 1273 612; baseline 0.003 -18"><span class='ocrx_word' id='word_1_21' title='bbox 110 535 141 608; x_wconf 84' lang='grc'>4,</span> <span class='ocrx_word' id='word_1_22' title='bbox 164 535 215 596; x_wconf 87' lang='grc'>81.</span> <span class='ocrx_word' id='word_1_23' title='bbox 239 549 280 596; x_wconf 86' lang='lat' dir='ltr'>m.</span> <span class='ocrx_word' id='word_1_24' title='bbox 306 529 397 610; x_wconf 80' lang='lat' dir='ltr'>Quae</span> <span class='ocrx_word' id='word_1_25' title='bbox 420 547 523 610; x_wconf 90' lang='lat' dir='ltr'>usque</span> <span class='ocrx_word' id='word_1_26' title='bbox 546 530 649 596; x_wconf 89' lang='lat' dir='ltr'>adhuc</span> <span class='ocrx_word' id='word_1_27' title='bbox 673 530 819 612; x_wconf 83' lang='lat' dir='ltr'>explicui,</span> <span class='ocrx_word' id='word_1_28' title='bbox 842 531 989 597; x_wconf 88' lang='lat' dir='ltr'>reiiciunt</span> <span class='ocrx_word' id='word_1_29' title='bbox 1011 531 1116 596; x_wconf 88' lang='lat' dir='ltr'>aliena</span> <span class='ocrx_word' id='word_1_30' title='bbox 1138 532 1223 598; x_wconf 87' lang='lat' dir='ltr'>dicta</span> <span class='ocrx_word' id='word_1_31' title='bbox 1239 537 1273 598; x_wconf 90' lang='lat' dir='ltr'>et</span> 
     </span>
     <span class='ocr_line' id='line_1_5' title="bbox 112 625 1273 712; baseline 0.004 -20"><span class='ocrx_word' id='word_1_32' title='bbox 112 625 274 695; x_wconf 86' lang='lat' dir='ltr'>alfirment</span> <span class='ocrx_word' id='word_1_33' title='bbox 298 629 467 697; x_wconf 89' lang='lat' dir='ltr'>contraria.</span> <span class='ocrx_word' id='word_1_34' title='bbox 511 629 554 693; x_wconf 81' lang='lat' dir='ltr'>At</span> <span class='ocrx_word' id='word_1_35' title='bbox 576 632 651 695; x_wconf 87' lang='lat' dir='ltr'>sunt</span> <span class='ocrx_word' id='word_1_36' title='bbox 673 627 743 704; x_wconf 89' lang='lat' dir='ltr'>loci,</span> <span class='ocrx_word' id='word_1_37' title='bbox 767 628 938 708; x_wconf 89' lang='lat' dir='ltr'>inquibus</span> <span class='ocrx_word' id='word_1_38' title='bbox 965 632 1055 690; x_wconf 85' lang='lat' dir='ltr'>immo</span> <span class='ocrx_word' id='word_1_39' title='bbox 1077 648 1146 694; x_wconf 87' lang='lat' dir='ltr'>earn</span> <span class='ocrx_word' id='word_1_40' title='bbox 1170 629 1273 712; x_wconf 90' lang='lat' dir='ltr'>ipsam</span> 
     </span>
     <span class='ocr_line' id='line_1_6' title="bbox 110 725 1271 810; baseline 0.003 -20"><span class='ocrx_word' id='word_1_41' title='bbox 110 727 315 801; x_wconf 88' lang='lat' dir='ltr'>sententiam,</span> <span class='ocrx_word' id='word_1_42' title='bbox 350 744 445 807; x_wconf 89' lang='lat' dir='ltr'>quarn</span> <span class='ocrx_word' id='word_1_43' title='bbox 479 726 726 808; x_wconf 81' lang='lat' dir='ltr'>colloquentium</span> <span class='ocrx_word' id='word_1_44' title='bbox 755 725 838 792; x_wconf 85' lang='lat' dir='ltr'>alter</span> <span class='ocrx_word' id='word_1_45' title='bbox 865 728 1049 810; x_wconf 84' lang='lat' dir='ltr'>proposuit,</span> <span class='ocrx_word' id='word_1_46' title='bbox 1083 725 1271 794; x_wconf 86' lang='lat' dir='ltr'>confirmare</span> 
     </span>
     <span class='ocr_line' id='line_1_7' title="bbox 110 823 1272 906; baseline 0.003 -18"><span class='ocrx_word' id='word_1_47' title='bbox 110 823 267 888; x_wconf 90' lang='lat' dir='ltr'>videatur.</span> <span class='ocrx_word' id='word_1_48' title='bbox 311 823 403 890; x_wconf 83' lang='lat' dir='ltr'>Unde</span> <span class='ocrx_word' id='word_1_49' title='bbox 425 824 554 905; x_wconf 90' lang='lat' dir='ltr'>quidam</span> <span class='ocrx_word' id='word_1_50' title='bbox 568 824 800 891; x_wconf 35' lang='lat' dir='ltr'>,existimarunt</span> <span class='ocrx_word' id='word_1_51' title='bbox 830 825 1064 890; x_wconf 90' lang='lat' dir='ltr'>adversativam</span> <span class='ocrx_word' id='word_1_52' title='bbox 1094 825 1175 890; x_wconf 87' lang='lat' dir='ltr'>hane</span> <span class='ocrx_word' id='word_1_53' title='bbox 1198 844 1272 906; x_wconf 91' lang='lat' dir='ltr'>par·</span> 
     </span>
     <span class='ocr_line' id='line_1_8' title="bbox 110 917 1272 1005; baseline 0.002 -17"><span class='ocrx_word' id='word_1_54' title='bbox 110 922 243 988; x_wconf 88' lang='lat' dir='ltr'>ticulam</span> <span class='ocrx_word' id='word_1_55' title='bbox 265 941 336 988; x_wconf 90' lang='lat' dir='ltr'>esse</span> <span class='ocrx_word' id='word_1_56' title='bbox 360 917 593 988; x_wconf 86' lang='lat' dir='ltr'>affirmativam.</span> <span class='ocrx_word' id='word_1_57' title='bbox 638 922 766 988; x_wconf 78' lang='lat' dir='ltr'>Scilicet</span> <span class='ocrx_word' id='word_1_58' title='bbox 794 929 931 1004; x_wconf 85' lang='lat' dir='ltr'>possunt</span> <span class='ocrx_word' id='word_1_59' title='bbox 954 942 1010 1005; x_wconf 88' lang='lat' dir='ltr'>ea,</span> <span class='ocrx_word' id='word_1_60' title='bbox 1042 942 1124 1005; x_wconf 88' lang='lat' dir='ltr'>quae</span> <span class='ocrx_word' id='word_1_61' title='bbox 1157 923 1272 1005; x_wconf 90' lang='lat' dir='ltr'>aliquis</span> 
     </span>
     <span class='ocr_line' id='line_1_9' title="bbox 110 1018 1271 1103; baseline 0.002 -19"><span class='ocrx_word' id='word_1_62' title='bbox 110 1018 201 1097; x_wconf 85' lang='lat' dir='ltr'>dixit,</span> <span class='ocrx_word' id='word_1_63' title='bbox 226 1022 266 1086; x_wconf 87' lang='lat' dir='ltr'>ab</span> <span class='ocrx_word' id='word_1_64' title='bbox 289 1020 392 1086; x_wconf 87' lang='lat' dir='ltr'>altere</span> <span class='ocrx_word' id='word_1_65' title='bbox 415 1021 597 1086; x_wconf 75' lang='lat' dir='ltr'>accuratius</span> <span class='ocrx_word' id='word_1_66' title='bbox 619 1018 744 1086; x_wconf 73' lang='lat' dir='ltr'>detinui</span> <span class='ocrx_word' id='word_1_67' title='bbox 766 1024 822 1086; x_wconf 92' lang='lat' dir='ltr'>aut</span> <span class='ocrx_word' id='word_1_68' title='bbox 844 1021 1039 1087; x_wconf 89' lang='lat' dir='ltr'>accumulari</span> <span class='ocrx_word' id='word_1_69' title='bbox 1053 1022 1108 1097; x_wconf 89' lang='lat' dir='ltr'>ite,</span> <span class='ocrx_word' id='word_1_70' title='bbox 1131 1028 1168 1086; x_wconf 93' lang='lat' dir='ltr'>ut</span> <span class='ocrx_word' id='word_1_71' title='bbox 1183 1022 1271 1103; x_wconf 91' lang='lat' dir='ltr'>prior</span> 
     </span>
     <span class='ocr_line' id='line_1_10' title="bbox 110 1113 1270 1201; baseline 0.003 -19"><span class='ocrx_word' id='word_1_72' title='bbox 110 1113 272 1184; x_wconf 88' lang='lat' dir='ltr'>sententia</span> <span class='ocrx_word' id='word_1_73' title='bbox 300 1137 362 1184; x_wconf 93' lang='lat' dir='ltr'>non</span> <span class='ocrx_word' id='word_1_74' title='bbox 392 1125 531 1200; x_wconf 84' lang='lat' dir='ltr'>perstet,</span> <span class='ocrx_word' id='word_1_75' title='bbox 560 1118 617 1184; x_wconf 91' lang='lat' dir='ltr'>sed</span> <span class='ocrx_word' id='word_1_76' title='bbox 642 1117 845 1184; x_wconf 82' lang='lat' dir='ltr'>reformetur.</span> <span class='ocrx_word' id='word_1_77' title='bbox 891 1119 1003 1200; x_wconf 89' lang='lat' dir='ltr'>Neque</span> <span class='ocrx_word' id='word_1_78' title='bbox 1031 1120 1094 1184; x_wconf 89' lang='lat' dir='ltr'>alio</span> <span class='ocrx_word' id='word_1_79' title='bbox 1113 1119 1210 1185; x_wconf 81' lang='lat' dir='ltr'>ruodo</span> <span class='ocrx_word' id='word_1_80' title='bbox 1233 1120 1270 1201; x_wconf 88' lang='lat' dir='ltr'>is,</span> 
     </span>
     <span class='ocr_line' id='line_1_11' title="bbox 110 1215 1271 1300; baseline -0.001 -19"><span class='ocrx_word' id='word_1_81' title='bbox 110 1217 168 1296; x_wconf 92' lang='lat' dir='ltr'>qui</span> <span class='ocrx_word' id='word_1_82' title='bbox 195 1217 314 1282; x_wconf 90' lang='lat' dir='ltr'>ironice</span> <span class='ocrx_word' id='word_1_83' title='bbox 344 1217 495 1300; x_wconf 91' lang='lat' dir='ltr'>loquitur.</span> <span class='ocrx_word' id='word_1_84' title='bbox 542 1215 753 1298; x_wconf 73' lang='lat' dir='ltr'>lu1.=11‚4‚</span> <span class='ocrx_word' id='word_1_85' title='bbox 780 1220 838 1282; x_wconf 84' lang='lat'>28:</span> <span class='ocrx_word' id='word_1_86' title='bbox 871 1220 969 1280; x_wconf 85' lang='lat' dir='ltr'>Immo</span> <span class='ocrx_word' id='word_1_87' title='bbox 1004 1220 1140 1295; x_wconf 87' lang='lat' dir='ltr'>equidem</span> <span class='ocrx_word' id='word_1_88' title='bbox 1171 1215 1271 1281; x_wconf 78' lang='lat' dir='ltr'>credo.</span> 
     </span>
     <span class='ocr_line' id='line_1_12' title="bbox 111 1314 1272 1397; baseline -0.002 -19"><span class='ocrx_word' id='word_1_89' title='bbox 111 1314 173 1395; x_wconf 91' lang='grc' dir='ltr'>ΙΙΙ,</span> <span class='ocrx_word' id='word_1_90' title='bbox 198 1319 227 1392; x_wconf 84' lang='grc'>6,</span> <span class='ocrx_word' id='word_1_91' title='bbox 252 1320 285 1381; x_wconf 87' lang='grc'>9;</span> <span class='ocrx_word' id='word_1_92' title='bbox 306 1319 397 1377; x_wconf 71' lang='lat' dir='ltr'>bomo</span> <span class='ocrx_word' id='word_1_93' title='bbox 420 1325 476 1380; x_wconf 89' lang='lat' dir='ltr'>est.</span> <span class='ocrx_word' id='word_1_94' title='bbox 521 1314 577 1394; x_wconf 90' lang='lat' dir='ltr'>IV,</span> <span class='ocrx_word' id='word_1_95' title='bbox 604 1320 653 1396; x_wconf 86' lang='lat'>10,</span> <span class='ocrx_word' id='word_1_96' title='bbox 676 1319 730 1382; x_wconf 84' lang='lat'>51:</span> <span class='ocrx_word' id='word_1_97' title='bbox 761 1318 850 1378; x_wconf 86' lang='lat' dir='ltr'>immo</span> <span class='ocrx_word' id='word_1_98' title='bbox 881 1321 1018 1380; x_wconf 84' lang='lat' dir='ltr'>eccillam</span> <span class='ocrx_word' id='word_1_99' title='bbox 1048 1317 1135 1380; x_wconf 87' lang='lat' dir='ltr'>domi.</span> <span class='ocrx_word' id='word_1_100' title='bbox 1180 1315 1272 1397; x_wconf 83' lang='lat' dir='ltr'>Epid.</span> 
     </span>
     <span class='ocr_line' id='line_1_13' title="bbox 109 1413 1361 1514; baseline 0.002 -38"><span class='ocrx_word' id='word_1_101' title='bbox 109 1413 154 1491; x_wconf 88' lang='grc' dir='ltr'>ΙΙ,</span> <span class='ocrx_word' id='word_1_102' title='bbox 180 1420 216 1494; x_wconf 83' lang='lat'>2,</span> <span class='ocrx_word' id='word_1_103' title='bbox 239 1418 295 1478; x_wconf 84' lang='lat'>80:</span> <span class='ocrx_word' id='word_1_104' title='bbox 324 1417 438 1491; x_wconf 84' lang='lat' dir='ltr'>Immo,</span> <span class='ocrx_word' id='word_1_105' title='bbox 468 1419 492 1476; x_wconf 83' lang='lat' dir='ltr'>ei</span> <span class='ocrx_word' id='word_1_106' title='bbox 515 1417 661 1494; x_wconf 87' lang='lat' dir='ltr'>placebit,</span> <span class='ocrx_word' id='word_1_107' title='bbox 683 1415 785 1478; x_wconf 86' lang='lat' dir='ltr'>utitor.</span> <span class='ocrx_word' id='word_1_108' title='bbox 830 1414 947 1480; x_wconf 83' lang='lat' dir='ltr'>Bacch.</span> <span class='ocrx_word' id='word_1_109' title='bbox 969 1413 1012 1496; x_wconf 94' lang='grc' dir='ltr'>ΙΙ,</span> <span class='ocrx_word' id='word_1_110' title='bbox 1036 1419 1071 1494; x_wconf 83' lang='grc'>2,</span> <span class='ocrx_word' id='word_1_111' title='bbox 1095 1418 1145 1479; x_wconf 83' lang='lat'>31.</span> <span class='ocrx_word' id='word_1_112' title='bbox 1150 1418 1295 1514; x_wconf 54' lang='lat' dir='ltr'>Me*</span> <span class='ocrx_word' id='word_1_113' title='bbox 1317 1418 1330 1464; x_wconf 46' lang='lat'>*⁷</span> <span class='ocrx_word' id='word_1_114' title='bbox 1359 1448 1361 1456; x_wconf 95' lang='lat'>·</span> 
     </span>
    </p>

    <p class='ocr_par' dir='ltr' id='par_1_4' title="bbox 49 1511 1345 3064">
     <span class='ocr_line' id='line_1_14' title="bbox 49 1511 1273 1594; baseline -0.002 -18"><span class='ocrx_word' id='word_1_115' title='bbox 49 1515 184 1587; x_wconf 61' lang='lat' dir='ltr'>moti.</span> <span class='ocrx_word' id='word_1_116' title='bbox 220 1511 301 1576; x_wconf 90' lang='lat' dir='ltr'>Men.</span> <span class='ocrx_word' id='word_1_117' title='bbox 327 1513 363 1586; x_wconf 88' lang='lat' dir='ltr'>V,</span> <span class='ocrx_word' id='word_1_118' title='bbox 389 1518 417 1592; x_wconf 79' lang='lat'>7,</span> <span class='ocrx_word' id='word_1_119' title='bbox 444 1517 482 1576; x_wconf 89' lang='grc'>18</span> <span class='ocrx_word' id='word_1_120' title='bbox 506 1529 591 1594; x_wconf 81' lang='lat' dir='ltr'>sqq:</span> <span class='ocrx_word' id='word_1_121' title='bbox 628 1517 761 1576; x_wconf 85' lang='lat' dir='ltr'>Obsecro</span> <span class='ocrx_word' id='word_1_122' title='bbox 784 1521 831 1592; x_wconf 91' lang='lat' dir='ltr'>te,</span> <span class='ocrx_word' id='word_1_123' title='bbox 855 1514 1009 1593; x_wconf 77' lang='lat' dir='ltr'>quisquis,</span> <span class='ocrx_word' id='word_1_124' title='bbox 1034 1532 1154 1591; x_wconf 89' lang='lat' dir='ltr'>operam</span> <span class='ocrx_word' id='word_1_125' title='bbox 1178 1516 1217 1574; x_wconf 91' lang='lat' dir='ltr'>mi</span> <span class='ocrx_word' id='word_1_126' title='bbox 1241 1522 1273 1575; x_wconf 91' lang='lat' dir='ltr'>ut</span> 
     </span>
     <span class='ocr_line' id='line_1_15' title="bbox 111 1610 1273 1689; baseline -0.001 -17"><span class='ocrx_word' id='word_1_127' title='bbox 111 1615 188 1689; x_wconf 86' lang='lat' dir='ltr'>duis,</span> <span class='ocrx_word' id='word_1_128' title='bbox 212 1614 279 1672; x_wconf 86' lang='lat' dir='ltr'>Nau</span> <span class='ocrx_word' id='word_1_129' title='bbox 302 1615 382 1672; x_wconf 86' lang='lat' dir='ltr'>sinas</span> <span class='ocrx_word' id='word_1_130' title='bbox 406 1614 435 1674; x_wconf 90' lang='lat' dir='ltr'>in</span> <span class='ocrx_word' id='word_1_131' title='bbox 458 1630 505 1674; x_wconf 89' lang='lat' dir='ltr'>me</span> <span class='ocrx_word' id='word_1_132' title='bbox 527 1614 669 1688; x_wconf 89' lang='lat' dir='ltr'>insignite</span> <span class='ocrx_word' id='word_1_133' title='bbox 692 1612 758 1674; x_wconf 86' lang='lat' dir='ltr'>fieri</span> <span class='ocrx_word' id='word_1_134' title='bbox 781 1619 895 1674; x_wconf 86' lang='lat' dir='ltr'>tantam</span> <span class='ocrx_word' id='word_1_135' title='bbox 918 1615 1066 1674; x_wconf 83' lang='lat' dir='ltr'>iuimiam.</span> <span class='ocrx_word' id='word_1_136' title='bbox 1089 1610 1163 1674; x_wconf 86' lang='lat' dir='ltr'>ME.</span> <span class='ocrx_word' id='word_1_137' title='bbox 1177 1613 1273 1672; x_wconf 86' lang='lat' dir='ltr'>Immo</span> 
     </span>
     <span class='ocr_line' id='line_1_16' title="bbox 111 1707 1275 1788; baseline 0.001 -18"><span class='ocrx_word' id='word_1_138' title='bbox 111 1728 234 1786; x_wconf 87' lang='lat' dir='ltr'>operam</span> <span class='ocrx_word' id='word_1_139' title='bbox 258 1712 334 1772; x_wconf 86' lang='lat' dir='ltr'>dabo</span> <span class='ocrx_word' id='word_1_140' title='bbox 357 1720 389 1770; x_wconf 89' lang='lat' dir='ltr'>et</span> <span class='ocrx_word' id='word_1_141' title='bbox 412 1711 571 1772; x_wconf 85' lang='lat' dir='ltr'>defendam</span> <span class='ocrx_word' id='word_1_142' title='bbox 602 1717 635 1770; x_wconf 90' lang='lat' dir='ltr'>et</span> <span class='ocrx_word' id='word_1_143' title='bbox 656 1711 819 1774; x_wconf 82' lang='lat' dir='ltr'>subvenibo</span> <span class='ocrx_word' id='word_1_144' title='bbox 850 1712 962 1774; x_wconf 86' lang='lat' dir='ltr'>sedulo.</span> <span class='ocrx_word' id='word_1_145' title='bbox 1007 1708 1073 1774; x_wconf 87' lang='lat' dir='ltr'>Mil.</span> <span class='ocrx_word' id='word_1_146' title='bbox 1097 1707 1139 1788; x_wconf 90' lang='grc' dir='ltr'>ΙΙ,</span> <span class='ocrx_word' id='word_1_147' title='bbox 1163 1715 1192 1787; x_wconf 86' lang='grc'>5,</span> <span class='ocrx_word' id='word_1_148' title='bbox 1217 1713 1275 1772; x_wconf 77' lang='lat'>52:</span> 
     </span>
     <span class='ocr_line' id='line_1_17' title="bbox 113 1805 1345 1889; baseline 0.004 -23"><span class='ocrx_word' id='word_1_149' title='bbox 113 1810 256 1870; x_wconf 85' lang='lat' dir='ltr'>Visanest</span> <span class='ocrx_word' id='word_1_150' title='bbox 278 1827 313 1870; x_wconf 89' lang='lat' dir='ltr'>ea</span> <span class='ocrx_word' id='word_1_151' title='bbox 336 1809 423 1872; x_wconf 78' lang='lat' dir='ltr'>esse?</span> <span class='ocrx_word' id='word_1_152' title='bbox 467 1806 532 1874; x_wconf 88' lang='lat' dir='ltr'>PA.</span> <span class='ocrx_word' id='word_1_153' title='bbox 553 1811 650 1878; x_wconf 81' lang='lat' dir='ltr'>Immo</span> <span class='ocrx_word' id='word_1_154' title='bbox 673 1809 780 1889; x_wconf 86' lang='lat' dir='ltr'>edepol</span> <span class='ocrx_word' id='word_1_155' title='bbox 810 1811 899 1884; x_wconf 85' lang='lat' dir='ltr'>plane</span> <span class='ocrx_word' id='word_1_156' title='bbox 924 1815 997 1872; x_wconf 84' lang='lat' dir='ltr'>east.</span> <span class='ocrx_word' id='word_1_157' title='bbox 1048 1805 1163 1872; x_wconf 91' lang='lat' dir='ltr'>Pseud.</span> <span class='ocrx_word' id='word_1_158' title='bbox 1188 1806 1218 1887; x_wconf 95' lang='grc' dir='ltr'>Ι,</span> <span class='ocrx_word' id='word_1_159' title='bbox 1243 1813 1271 1884; x_wconf 85' lang='grc'>3,</span> <span class='ocrx_word' id='word_1_160' title='bbox 1340 1815 1345 1832; x_wconf 77' lang='grc'><em>“</em></span> 
     </span>
     <span class='ocr_line' id='line_1_18' title="bbox 115 1905 1270 1986; baseline -0.001 -15"><span class='ocrx_word' id='word_1_161' title='bbox 115 1911 166 1971; x_wconf 84' lang='grc'>90.</span> <span class='ocrx_word' id='word_1_162' title='bbox 200 1905 256 1985; x_wconf 86' lang='lat' dir='ltr'>IV,</span> <span class='ocrx_word' id='word_1_163' title='bbox 284 1909 395 1986; x_wconf 85' lang='lat' dir='ltr'>1‚3e:</span> <span class='ocrx_word' id='word_1_164' title='bbox 429 1908 526 1968; x_wconf 83' lang='lat' dir='ltr'>Immo</span> <span class='ocrx_word' id='word_1_165' title='bbox 558 1910 584 1970; x_wconf 89' lang='lat' dir='ltr'>si</span> <span class='ocrx_word' id='word_1_166' title='bbox 614 1907 743 1979; x_wconf 78' lang='lat' dir='ltr'>ecfexis,</span> <span class='ocrx_word' id='word_1_167' title='bbox 778 1917 840 1968; x_wconf 88' lang='lat' dir='ltr'>tum</span> <span class='ocrx_word' id='word_1_168' title='bbox 867 1905 936 1968; x_wconf 84' lang='lat' dir='ltr'>laxo</span> <span class='ocrx_word' id='word_1_169' title='bbox 967 1908 1059 1983; x_wconf 87' lang='lat' dir='ltr'>magis</span> <span class='ocrx_word' id='word_1_170' title='bbox 1091 1905 1148 1984; x_wconf 88' lang='lat' dir='ltr'>[id]</span> <span class='ocrx_word' id='word_1_171' title='bbox 1180 1909 1270 1970; x_wconf 90' lang='lat' dir='ltr'>dicas.</span> 
     </span>
     <span class='ocr_line' id='line_1_19' title="bbox 110 2002 1271 2094; baseline -0.003 -26"><span class='ocrx_word' id='word_1_172' title='bbox 110 2003 208 2094; x_wconf 77' lang='lat' dir='ltr'>Peen</span> <span class='ocrx_word' id='word_1_173' title='bbox 232 2002 292 2082; x_wconf 92' lang='grc' dir='ltr'>ΙΙΙ,</span> <span class='ocrx_word' id='word_1_174' title='bbox 316 2009 345 2084; x_wconf 88' lang='grc'>3,</span> <span class='ocrx_word' id='word_1_175' title='bbox 370 2007 419 2068; x_wconf 85' lang='grc'>56.</span> <span class='ocrx_word' id='word_1_176' title='bbox 446 2003 481 2084; x_wconf 88' lang='lat' dir='ltr'>V,</span> <span class='ocrx_word' id='word_1_177' title='bbox 497 2009 527 2084; x_wconf 87' lang='grc'>6,</span> <span class='ocrx_word' id='word_1_178' title='bbox 544 2008 598 2070; x_wconf 84' lang='grc'>23;</span> <span class='ocrx_word' id='word_1_179' title='bbox 620 2006 806 2068; x_wconf 76' lang='lat' dir='ltr'>immo-hant</span> <span class='ocrx_word' id='word_1_180' title='bbox 820 2007 913 2066; x_wconf 89' lang='lat' dir='ltr'>multo</span> <span class='ocrx_word' id='word_1_181' title='bbox 935 2015 1005 2081; x_wconf 89' lang='lat' dir='ltr'>post</span> <span class='ocrx_word' id='word_1_182' title='bbox 1028 2007 1059 2066; x_wconf 91' lang='lat' dir='ltr'>in</span> <span class='ocrx_word' id='word_1_183' title='bbox 1074 2007 1120 2068; x_wconf 90' lang='lat' dir='ltr'>ius</span> <span class='ocrx_word' id='word_1_184' title='bbox 1144 2007 1271 2068; x_wconf 90' lang='lat' dir='ltr'>veneris.</span> 
     </span>
     <span class='ocr_line' id='line_1_20' title="bbox 111 2100 1273 2182; baseline -0.001 -16"><span class='ocrx_word' id='word_1_185' title='bbox 111 2102 201 2166; x_wconf 82' lang='lat' dir='ltr'>Pera.</span> <span class='ocrx_word' id='word_1_186' title='bbox 225 2100 280 2182; x_wconf 86' lang='lat' dir='ltr'>IV,</span> <span class='ocrx_word' id='word_1_187' title='bbox 305 2108 334 2182; x_wconf 84' lang='lat'>7,</span> <span class='ocrx_word' id='word_1_188' title='bbox 358 2107 393 2168; x_wconf 83' lang='lat'>9:</span> <span class='ocrx_word' id='word_1_189' title='bbox 429 2105 549 2166; x_wconf 84' lang='lat' dir='ltr'>Credidi</span> <span class='ocrx_word' id='word_1_190' title='bbox 578 2111 697 2180; x_wconf 86' lang='lat' dir='ltr'>gratum</span> <span class='ocrx_word' id='word_1_191' title='bbox 720 2103 785 2166; x_wconf 87' lang='lat' dir='ltr'>lore</span> <span class='ocrx_word' id='word_1_192' title='bbox 809 2103 990 2164; x_wconf 84' lang='lat' dir='ltr'>Beneficium</span> <span class='ocrx_word' id='word_1_193' title='bbox 1014 2121 1109 2164; x_wconf 88' lang='lat' dir='ltr'>meum</span> <span class='ocrx_word' id='word_1_194' title='bbox 1141 2113 1212 2181; x_wconf 87' lang='lat' dir='ltr'>aput</span> <span class='ocrx_word' id='word_1_195' title='bbox 1235 2111 1273 2165; x_wconf 83' lang='lat' dir='ltr'>te.</span> 
     </span>
     <span class='ocr_line' id='line_1_21' title="bbox 111 2197 1275 2280; baseline 0.002 -16"><span class='ocrx_word' id='word_1_196' title='bbox 111 2197 182 2264; x_wconf 92' lang='lat' dir='ltr'>DO.</span> <span class='ocrx_word' id='word_1_197' title='bbox 204 2202 301 2262; x_wconf 83' lang='lat' dir='ltr'>Immo</span> <span class='ocrx_word' id='word_1_198' title='bbox 333 2203 470 2278; x_wconf 89' lang='lat' dir='ltr'>equidem</span> <span class='ocrx_word' id='word_1_199' title='bbox 498 2207 624 2278; x_wconf 86' lang='lat' dir='ltr'>gratiam</span> <span class='ocrx_word' id='word_1_200' title='bbox 655 2202 726 2275; x_wconf 88' lang='lat' dir='ltr'>tibi,</span> <span class='ocrx_word' id='word_1_201' title='bbox 757 2203 877 2278; x_wconf 85' lang='lat' dir='ltr'>Toxilo,</span> <span class='ocrx_word' id='word_1_202' title='bbox 905 2202 1010 2262; x_wconf 87' lang='lat' dir='ltr'>habeo.</span> <span class='ocrx_word' id='word_1_203' title='bbox 1058 2199 1149 2264; x_wconf 85' lang='lat' dir='ltr'>Truc.</span> <span class='ocrx_word' id='word_1_204' title='bbox 1175 2201 1275 2280; x_wconf 79' lang='lat'><strong>11‚4‚</strong></span> 
     </span>
     <span class='ocr_line' id='line_1_22' title="bbox 112 2295 1271 2380; baseline -0.002 -18"><span class='ocrx_word' id='word_1_205' title='bbox 112 2302 163 2362; x_wconf 61' lang='lat'>22,</span> <span class='ocrx_word' id='word_1_206' title='bbox 187 2298 312 2364; x_wconf 78' lang='lat' dir='ltr'>Terent.</span> <span class='ocrx_word' id='word_1_207' title='bbox 336 2299 417 2364; x_wconf 86' lang='lat' dir='ltr'>Eun.</span> <span class='ocrx_word' id='word_1_208' title='bbox 441 2299 496 2380; x_wconf 91' lang='lat' dir='ltr'>IV,</span> <span class='ocrx_word' id='word_1_209' title='bbox 521 2305 549 2373; x_wconf 87' lang='lat'>7,</span> <span class='ocrx_word' id='word_1_210' title='bbox 571 2303 630 2363; x_wconf 81' lang='lat'>42:</span> <span class='ocrx_word' id='word_1_211' title='bbox 653 2298 789 2362; x_wconf 79' lang='lat' dir='ltr'>Credin?</span> <span class='ocrx_word' id='word_1_212' title='bbox 835 2295 905 2362; x_wconf 86' lang='lat' dir='ltr'>GN.</span> <span class='ocrx_word' id='word_1_213' title='bbox 925 2299 1023 2376; x_wconf 83' lang='lat' dir='ltr'>Immo</span> <span class='ocrx_word' id='word_1_214' title='bbox 1046 2305 1139 2360; x_wconf 90' lang='lat' dir='ltr'>certe.</span> <span class='ocrx_word' id='word_1_215' title='bbox 1175 2299 1271 2363; x_wconf 87' lang='lat' dir='ltr'>Andr.</span> 
     </span>
     <span class='ocr_line' id='line_1_23' title="bbox 109 2394 1271 2475; baseline 0 -15"><span class='ocrx_word' id='word_1_216' title='bbox 109 2395 172 2475; x_wconf 87' lang='lat'>111,</span> <span class='ocrx_word' id='word_1_217' title='bbox 197 2402 225 2475; x_wconf 88' lang='lat'>3,</span> <span class='ocrx_word' id='word_1_218' title='bbox 252 2401 304 2462; x_wconf 79' lang='lat'>18:</span> <span class='ocrx_word' id='word_1_219' title='bbox 326 2400 422 2460; x_wconf 82' lang='lat' dir='ltr'>Immo</span> <span class='ocrx_word' id='word_1_220' title='bbox 444 2399 487 2460; x_wconf 87' lang='lat' dir='ltr'>ita</span> <span class='ocrx_word' id='word_1_221' title='bbox 507 2401 572 2460; x_wconf 92' lang='lat' dir='ltr'>volo</span> <span class='ocrx_word' id='word_1_222' title='bbox 595 2401 696 2474; x_wconf 87' lang='lat' dir='ltr'>itaqua</span> <span class='ocrx_word' id='word_1_223' title='bbox 719 2400 838 2473; x_wconf 84' lang='lat' dir='ltr'>postulo</span> <span class='ocrx_word' id='word_1_224' title='bbox 863 2403 895 2458; x_wconf 87' lang='lat' dir='ltr'>ut</span> <span class='ocrx_word' id='word_1_225' title='bbox 916 2396 977 2458; x_wconf 86' lang='lat' dir='ltr'>fiat.</span> <span class='ocrx_word' id='word_1_226' title='bbox 1008 2394 1121 2461; x_wconf 90' lang='lat' dir='ltr'>Potest</span> <span class='ocrx_word' id='word_1_227' title='bbox 1143 2396 1271 2460; x_wconf 89' lang='lat' dir='ltr'>inversa</span> 
     </span>
     <span class='ocr_line' id='line_1_24' title="bbox 112 2490 1272 2576; baseline -0.003 -14"><span class='ocrx_word' id='word_1_228' title='bbox 112 2497 284 2576; x_wconf 79' lang='lat' dir='ltr'>negatione</span> <span class='ocrx_word' id='word_1_229' title='bbox 313 2496 418 2560; x_wconf 90' lang='lat' dir='ltr'>redire</span> <span class='ocrx_word' id='word_1_230' title='bbox 447 2495 551 2560; x_wconf 87' lang='lat' dir='ltr'>oratio</span> <span class='ocrx_word' id='word_1_231' title='bbox 579 2494 621 2560; x_wconf 90' lang='lat' dir='ltr'>ad</span> <span class='ocrx_word' id='word_1_232' title='bbox 646 2490 905 2559; x_wconf 88' lang='lat' dir='ltr'>affirmationem:</span> <span class='ocrx_word' id='word_1_233' title='bbox 939 2502 1045 2558; x_wconf 91' lang='lat' dir='ltr'>tamen</span> <span class='ocrx_word' id='word_1_234' title='bbox 1075 2512 1137 2558; x_wconf 90' lang='lat' dir='ltr'>non</span> <span class='ocrx_word' id='word_1_235' title='bbox 1167 2499 1272 2558; x_wconf 90' lang='lat' dir='ltr'>mutat</span> 
     </span>
     <span class='ocr_line' id='line_1_25' title="bbox 111 2589 1272 2674; baseline -0.002 -18"><span class='ocrx_word' id='word_1_236' title='bbox 111 2596 260 2658; x_wconf 88' lang='lat' dir='ltr'>naturam</span> <span class='ocrx_word' id='word_1_237' title='bbox 291 2611 382 2659; x_wconf 89' lang='lat' dir='ltr'>suam</span> <span class='ocrx_word' id='word_1_238' title='bbox 412 2593 579 2674; x_wconf 85' lang='lat' dir='ltr'>particula.</span> <span class='ocrx_word' id='word_1_239' title='bbox 623 2592 729 2658; x_wconf 85' lang='lat' dir='ltr'>Plaut.</span> <span class='ocrx_word' id='word_1_240' title='bbox 760 2589 831 2655; x_wconf 82' lang='lat' dir='ltr'>(lae.</span> <span class='ocrx_word' id='word_1_241' title='bbox 854 2591 905 2670; x_wconf 95' lang='grc' dir='ltr'>ΙΙ,</span> <span class='ocrx_word' id='word_1_242' title='bbox 929 2594 965 2671; x_wconf 88' lang='grc'>6,</span> <span class='ocrx_word' id='word_1_243' title='bbox 989 2596 1046 2657; x_wconf 83' lang='grc'>51;</span> <span class='ocrx_word' id='word_1_244' title='bbox 1079 2595 1176 2653; x_wconf 88' lang='lat' dir='ltr'>Immo</span> <span class='ocrx_word' id='word_1_245' title='bbox 1201 2595 1272 2654; x_wconf 84' lang='lat' dir='ltr'>mihi</span> 
     </span>
     <span class='ocr_line' id='line_1_26' title="bbox 113 2687 1272 2772; baseline 0.003 -20"><span class='ocrx_word' id='word_1_246' title='bbox 113 2694 227 2756; x_wconf 87' lang='lat' dir='ltr'>hercle.</span> <span class='ocrx_word' id='word_1_247' title='bbox 272 2710 301 2755; x_wconf 95' lang='lat' dir='ltr'>n.</span> <span class='ocrx_word' id='word_1_248' title='bbox 323 2689 361 2756; x_wconf 90' lang='lat' dir='ltr'>In</span> <span class='ocrx_word' id='word_1_249' title='bbox 383 2689 602 2772; x_wconf 82' lang='lat' dir='ltr'>indignatione</span> <span class='ocrx_word' id='word_1_250' title='bbox 625 2690 781 2754; x_wconf 92' lang='lat' dir='ltr'>mirantur</span> <span class='ocrx_word' id='word_1_251' title='bbox 797 2687 949 2754; x_wconf 85' lang='lat' dir='ltr'>Germani</span> <span class='ocrx_word' id='word_1_252' title='bbox 971 2707 1040 2754; x_wconf 91' lang='lat' dir='ltr'>rem</span> <span class='ocrx_word' id='word_1_253' title='bbox 1056 2689 1272 2756; x_wconf 83' lang='lat' dir='ltr'>incredibilem</span> 
     </span>
     <span class='ocr_line' id='line_1_27' title="bbox 114 2785 1276 2870; baseline -0.001 -16"><span class='ocrx_word' id='word_1_254' title='bbox 114 2787 261 2854; x_wconf 87' lang='lat' dir='ltr'>adhibita</span> <span class='ocrx_word' id='word_1_255' title='bbox 283 2785 454 2870; x_wconf 86' lang='lat' dir='ltr'>negatione</span> <span class='ocrx_word' id='word_1_256' title='bbox 476 2785 576 2854; x_wconf 82' lang='lat' dir='ltr'>nain.</span> <span class='ocrx_word' id='word_1_257' title='bbox 605 2788 657 2852; x_wconf 92' lang='lat' dir='ltr'>lta</span> <span class='ocrx_word' id='word_1_258' title='bbox 679 2789 776 2854; x_wconf 87' lang='lat' dir='ltr'>etiam</span> <span class='ocrx_word' id='word_1_259' title='bbox 798 2787 913 2852; x_wconf 86' lang='lat' dir='ltr'>Latini.</span> <span class='ocrx_word' id='word_1_260' title='bbox 959 2787 1086 2854; x_wconf 87' lang='lat' dir='ltr'>Terent.</span> <span class='ocrx_word' id='word_1_261' title='bbox 1103 2789 1202 2854; x_wconf 86' lang='lat' dir='ltr'>Andr.</span> <span class='ocrx_word' id='word_1_262' title='bbox 1219 2787 1276 2866; x_wconf 87' lang='lat' dir='ltr'>IV,</span> 
     </span>
     <span class='ocr_line' id='line_1_28' title="bbox 115 2888 1272 2966; baseline 0.001 -16"><span class='ocrx_word' id='word_1_263' title='bbox 115 2891 145 2966; x_wconf 89' lang='lat'>1,</span> <span class='ocrx_word' id='word_1_264' title='bbox 170 2892 206 2952; x_wconf 89' lang='lat'>5:</span> <span class='ocrx_word' id='word_1_265' title='bbox 230 2889 303 2948; x_wconf 89' lang='lat' dir='ltr'>Idne</span> <span class='ocrx_word' id='word_1_266' title='bbox 327 2895 374 2950; x_wconf 87' lang='lat' dir='ltr'>est</span> <span class='ocrx_word' id='word_1_267' title='bbox 397 2888 520 2950; x_wconf 77' lang='lat' dir='ltr'>verum?</span> <span class='ocrx_word' id='word_1_268' title='bbox 550 2890 639 2948; x_wconf 84' lang='lat' dir='ltr'>immo</span> <span class='ocrx_word' id='word_1_269' title='bbox 661 2889 693 2948; x_wconf 86' lang='lat' dir='ltr'>id</span> <span class='ocrx_word' id='word_1_270' title='bbox 714 2890 894 2948; x_wconf 87' lang='lat' dir='ltr'>hominumat</span> <span class='ocrx_word' id='word_1_271' title='bbox 915 2905 1008 2962; x_wconf 84' lang='lat' dir='ltr'>genus</span> <span class='ocrx_word' id='word_1_272' title='bbox 1031 2906 1209 2962; x_wconf 87' lang='lat' dir='ltr'>pessumum.</span> <span class='ocrx_word' id='word_1_273' title='bbox 1244 2894 1272 2965; x_wconf 84' lang='grc'>2,</span> 
     </span>
     <span class='ocr_line' id='line_1_29' title="bbox 113 2983 1273 3064; baseline 0.001 -16"><span class='ocrx_word' id='word_1_274' title='bbox 113 2988 170 3048; x_wconf 80' lang='grc'>25;</span> <span class='ocrx_word' id='word_1_275' title='bbox 193 2987 290 3048; x_wconf 85' lang='lat' dir='ltr'>Immo</span> <span class='ocrx_word' id='word_1_276' title='bbox 312 2989 403 3048; x_wconf 85' lang='lat' dir='ltr'>etiam</span> <span class='ocrx_word' id='word_1_277' title='bbox 425 2988 616 3050; x_wconf 76' lang='lat' dir='ltr'>Narrationis</span> <span class='ocrx_word' id='word_1_278' title='bbox 639 2987 746 3062; x_wconf 89' lang='lat' dir='ltr'>incipit</span> <span class='ocrx_word' id='word_1_279' title='bbox 768 2987 807 3044; x_wconf 92' lang='lat' dir='ltr'>mi</span> <span class='ocrx_word' id='word_1_280' title='bbox 830 2986 957 3047; x_wconf 89' lang='lat' dir='ltr'>initium.</span> <span class='ocrx_word' id='word_1_281' title='bbox 1002 3000 1031 3048; x_wconf 89' lang='grc' dir='ltr'>ο.</span> <span class='ocrx_word' id='word_1_282' title='bbox 1055 2983 1166 3064; x_wconf 83' lang='lat' dir='ltr'>Pergit</span> <span class='ocrx_word' id='word_1_283' title='bbox 1186 2985 1273 3049; x_wconf 85' lang='lat' dir='ltr'>Harr-</span> 
     </span>
    </p>

    <p class='ocr_par' dir='ltr' id='par_1_5' title="bbox 44 3080 1276 4246">
     <span class='ocr_line' id='line_1_30' title="bbox 44 3080 1272 3164; baseline 0 -18"><span class='ocrx_word' id='word_1_284' title='bbox 44 3093 48 3099; x_wconf 89' lang='grc'><em>·</em></span> <span class='ocrx_word' id='word_1_285' title='bbox 113 3082 200 3148; x_wconf 87' lang='lat' dir='ltr'>dius:</span> <span class='ocrx_word' id='word_1_286' title='bbox 225 3083 315 3162; x_wconf 87' lang='lat' dir='ltr'>„lam</span> <span class='ocrx_word' id='word_1_287' title='bbox 337 3100 491 3164; x_wconf 86' lang='lat' dir='ltr'>quaeram</span> <span class='ocrx_word' id='word_1_288' title='bbox 513 3081 656 3164; x_wconf 87' lang='lat' dir='ltr'>possitne</span> <span class='ocrx_word' id='word_1_289' title='bbox 680 3099 777 3146; x_wconf 92' lang='lat' dir='ltr'>unum</span> <span class='ocrx_word' id='word_1_290' title='bbox 800 3080 989 3146; x_wconf 88' lang='lat' dir='ltr'>vocabulum</span> <span class='ocrx_word' id='word_1_291' title='bbox 1017 3083 1105 3142; x_wconf 74' lang='lat' dir='ltr'>como</span> <span class='ocrx_word' id='word_1_292' title='bbox 1128 3083 1272 3162; x_wconf 90' lang='lat' dir='ltr'>negatio·</span> 
     </span>
     <span class='ocr_line' id='line_1_31' title="bbox 112 3177 1273 3264; baseline -0.002 -18"><span class='ocrx_word' id='word_1_293' title='bbox 112 3198 188 3246; x_wconf 90' lang='lat' dir='ltr'>nem</span> <span class='ocrx_word' id='word_1_294' title='bbox 210 3180 262 3247; x_wconf 90' lang='lat' dir='ltr'>vel</span> <span class='ocrx_word' id='word_1_295' title='bbox 284 3180 517 3264; x_wconf 89' lang='lat' dir='ltr'>oppositionem</span> <span class='ocrx_word' id='word_1_296' title='bbox 540 3184 715 3261; x_wconf 85' lang='lat' dir='ltr'>praestare.</span> <span class='ocrx_word' id='word_1_297' title='bbox 761 3177 918 3255; x_wconf 87' lang='lat' dir='ltr'>Equidem</span> <span class='ocrx_word' id='word_1_298' title='bbox 947 3195 1010 3243; x_wconf 91' lang='lat' dir='ltr'>non</span> <span class='ocrx_word' id='word_1_299' title='bbox 1038 3183 1116 3258; x_wconf 92' lang='lat' dir='ltr'>puto</span> <span class='ocrx_word' id='word_1_300' title='bbox 1146 3180 1179 3244; x_wconf 89' lang='lat' dir='ltr'>id</span> <span class='ocrx_word' id='word_1_301' title='bbox 1200 3177 1273 3244; x_wconf 92' lang='lat' dir='ltr'>fieri</span> 
     </span>
     <span class='ocr_line' id='line_1_32' title="bbox 112 3272 1273 3360; baseline -0.004 -17"><span class='ocrx_word' id='word_1_302' title='bbox 112 3295 228 3360; x_wconf 80' lang='lat' dir='ltr'>posse,</span> <span class='ocrx_word' id='word_1_303' title='bbox 262 3279 324 3344; x_wconf 89' lang='lat' dir='ltr'>nisi</span> <span class='ocrx_word' id='word_1_304' title='bbox 351 3279 511 3346; x_wconf 89' lang='lat' dir='ltr'>adiectum</span> <span class='ocrx_word' id='word_1_305' title='bbox 542 3277 585 3342; x_wconf 89' lang='lat' dir='ltr'>sit</span> <span class='ocrx_word' id='word_1_306' title='bbox 619 3277 705 3343; x_wconf 87' lang='lat' dir='ltr'>aliud</span> <span class='ocrx_word' id='word_1_307' title='bbox 735 3276 926 3342; x_wconf 88' lang='lat' dir='ltr'>vocabulum</span> <span class='ocrx_word' id='word_1_308' title='bbox 957 3272 1150 3342; x_wconf 86' lang='lat' dir='ltr'>affirmandi:</span> <span class='ocrx_word' id='word_1_309' title='bbox 1184 3279 1273 3338; x_wconf 74' lang='lat' dir='ltr'>immo</span> 
     </span>
     <span class='ocr_line' id='line_1_33' title="bbox 112 3374 1274 3456; baseline 0.001 -18"><span class='ocrx_word' id='word_1_310' title='bbox 112 3394 196 3446; x_wconf 78' lang='lat' dir='ltr'>vcro,</span> <span class='ocrx_word' id='word_1_311' title='bbox 225 3380 314 3438; x_wconf 79' lang='lat' dir='ltr'>immo</span> <span class='ocrx_word' id='word_1_312' title='bbox 341 3379 451 3439; x_wconf 75' lang='lat' dir='ltr'>hercle:</span> <span class='ocrx_word' id='word_1_313' title='bbox 489 3390 571 3456; x_wconf 87' lang='lat' dir='ltr'>quae</span> <span class='ocrx_word' id='word_1_314' title='bbox 600 3374 749 3442; x_wconf 88' lang='lat' dir='ltr'>dicuntur</span> <span class='ocrx_word' id='word_1_315' title='bbox 775 3392 833 3455; x_wconf 92' lang='lat' dir='ltr'>pro</span> <span class='ocrx_word' id='word_1_316' title='bbox 856 3379 946 3444; x_wconf 84' lang='lat' dir='ltr'>certe,</span> <span class='ocrx_word' id='word_1_317' title='bbox 970 3376 1116 3450; x_wconf 82' lang='lat' dir='ltr'>profecto.</span> <span class='ocrx_word' id='word_1_318' title='bbox 1162 3374 1196 3440; x_wconf 82' lang='lat' dir='ltr'>Si</span> <span class='ocrx_word' id='word_1_319' title='bbox 1220 3377 1274 3456; x_wconf 91' lang='lat' dir='ltr'>qui</span> 
     </span>
     <span class='ocr_line' id='line_1_34' title="bbox 114 3471 1275 3554; baseline -0.002 -14"><span class='ocrx_word' id='word_1_320' title='bbox 114 3475 202 3554; x_wconf 88' lang='lat' dir='ltr'>apud</span> <span class='ocrx_word' id='word_1_321' title='bbox 225 3475 363 3542; x_wconf 86' lang='lat' dir='ltr'>comicos</span> <span class='ocrx_word' id='word_1_322' title='bbox 391 3475 451 3538; x_wconf 87' lang='lat' dir='ltr'>hcc</span> <span class='ocrx_word' id='word_1_323' title='bbox 481 3472 575 3538; x_wconf 89' lang='lat' dir='ltr'>modo</span> <span class='ocrx_word' id='word_1_324' title='bbox 604 3473 793 3553; x_wconf 90' lang='lat' dir='ltr'>loquuntur,</span> <span class='ocrx_word' id='word_1_325' title='bbox 828 3490 933 3538; x_wconf 85' lang='lat' dir='ltr'>sermo</span> <span class='ocrx_word' id='word_1_326' title='bbox 961 3471 1189 3552; x_wconf 86' lang='lat' dir='ltr'>interpellatur</span> <span class='ocrx_word' id='word_1_327' title='bbox 1217 3477 1275 3538; x_wconf 85' lang='lat' dir='ltr'>aut</span> 
     </span>
     <span class='ocr_line' id='line_1_35' title="bbox 113 3569 1274 3654; baseline 0.002 -18"><span class='ocrx_word' id='word_1_328' title='bbox 113 3571 222 3638; x_wconf 90' lang='lat' dir='ltr'>aliena</span> <span class='ocrx_word' id='word_1_329' title='bbox 244 3573 438 3654; x_wconf 81' lang='lat' dir='ltr'>cogitatione</span> <span class='ocrx_word' id='word_1_330' title='bbox 460 3571 669 3652; x_wconf 87' lang='lat' dir='ltr'>abrumpitur.</span> <span class='ocrx_word' id='word_1_331' title='bbox 708 3569 819 3634; x_wconf 88' lang='lat' dir='ltr'>Potest</span> <span class='ocrx_word' id='word_1_332' title='bbox 841 3574 948 3634; x_wconf 90' lang='lat' dir='ltr'>autem</span> <span class='ocrx_word' id='word_1_333' title='bbox 972 3571 1163 3637; x_wconf 86' lang='lat' dir='ltr'>antecedere</span> <span class='ocrx_word' id='word_1_334' title='bbox 1186 3571 1274 3638; x_wconf 88' lang='lat' dir='ltr'>aliud</span> 
     </span>
     <span class='ocr_line' id='line_1_36' title="bbox 114 3665 1271 3752; baseline 0.001 -17"><span class='ocrx_word' id='word_1_335' title='bbox 114 3669 249 3736; x_wconf 89' lang='lat' dir='ltr'>verbum</span> <span class='ocrx_word' id='word_1_336' title='bbox 271 3667 507 3752; x_wconf 61' lang='lat' dir='ltr'>interiectum‘f.</span> <span class='ocrx_word' id='word_1_337' title='bbox 551 3668 715 3749; x_wconf 83' lang='lat' dir='ltr'>Exemplis</span> <span class='ocrx_word' id='word_1_338' title='bbox 736 3665 853 3732; x_wconf 84' lang='lat' dir='ltr'>Haudii</span> <span class='ocrx_word' id='word_1_339' title='bbox 876 3667 959 3732; x_wconf 90' lang='lat' dir='ltr'>adde</span> <span class='ocrx_word' id='word_1_340' title='bbox 974 3665 1089 3734; x_wconf 86' lang='lat' dir='ltr'>Bacch.</span> <span class='ocrx_word' id='word_1_341' title='bbox 1113 3667 1158 3747; x_wconf 93' lang='grc' dir='ltr'>ΙΙ,</span> <span class='ocrx_word' id='word_1_342' title='bbox 1176 3676 1203 3752; x_wconf 81' lang='lat'>2,</span> <span class='ocrx_word' id='word_1_343' title='bbox 1221 3675 1271 3736; x_wconf 84' lang='lat'>33.</span> 
     </span>
     <span class='ocr_line' id='line_1_37' title="bbox 113 3763 1276 3848; baseline -0.001 -14"><span class='ocrx_word' id='word_1_344' title='bbox 113 3787 145 3848; x_wconf 89' lang='lat' dir='ltr'>p.</span> <span class='ocrx_word' id='word_1_345' title='bbox 170 3768 262 3834; x_wconf 85' lang='lat' dir='ltr'>Duae</span> <span class='ocrx_word' id='word_1_346' title='bbox 285 3785 382 3848; x_wconf 91' lang='lat' dir='ltr'>quum</span> <span class='ocrx_word' id='word_1_347' title='bbox 405 3770 586 3848; x_wconf 87' lang='lat' dir='ltr'>potestates</span> <span class='ocrx_word' id='word_1_348' title='bbox 608 3767 641 3832; x_wconf 95' lang='lat' dir='ltr'>in</span> <span class='ocrx_word' id='word_1_349' title='bbox 664 3766 724 3832; x_wconf 92' lang='lat' dir='ltr'>hoc</span> <span class='ocrx_word' id='word_1_350' title='bbox 746 3763 900 3832; x_wconf 85' lang='lat' dir='ltr'>vocabulo</span> <span class='ocrx_word' id='word_1_351' title='bbox 934 3765 1136 3845; x_wconf 88' lang='lat' dir='ltr'>conspirent,</span> <span class='ocrx_word' id='word_1_352' title='bbox 1164 3785 1276 3834; x_wconf 87' lang='lat' dir='ltr'>earum</span> 
     </span>
     <span class='ocr_line' id='line_1_38' title="bbox 116 3861 1275 3950; baseline -0.002 -18"><span class='ocrx_word' id='word_1_353' title='bbox 116 3871 254 3948; x_wconf 89' lang='lat' dir='ltr'>utraque</span> <span class='ocrx_word' id='word_1_354' title='bbox 277 3869 405 3946; x_wconf 89' lang='lat' dir='ltr'>poterat</span> <span class='ocrx_word' id='word_1_355' title='bbox 426 3863 498 3929; x_wconf 89' lang='lat' dir='ltr'>aliis</span> <span class='ocrx_word' id='word_1_356' title='bbox 520 3863 682 3930; x_wconf 86' lang='lat' dir='ltr'>vocabulis</span> <span class='ocrx_word' id='word_1_357' title='bbox 705 3863 838 3929; x_wconf 84' lang='lat' dir='ltr'>adiectis</span> <span class='ocrx_word' id='word_1_358' title='bbox 862 3861 984 3942; x_wconf 91' lang='lat' dir='ltr'>augeri.</span> <span class='ocrx_word' id='word_1_359' title='bbox 1030 3863 1201 3931; x_wconf 80' lang='lat' dir='ltr'>Adduntur</span> <span class='ocrx_word' id='word_1_360' title='bbox 1215 3865 1275 3950; x_wconf 81' lang='lat' dir='ltr'>igi-</span> 
     </span>
     <span class='ocr_line' id='line_1_39' title="bbox 114 3959 1274 4045; baseline 0.001 -17"><span class='ocrx_word' id='word_1_361' title='bbox 114 3968 170 4032; x_wconf 84' lang='lat' dir='ltr'>tur</span> <span class='ocrx_word' id='word_1_362' title='bbox 190 3963 369 4045; x_wconf 86' lang='lat' dir='ltr'>particulae</span> <span class='ocrx_word' id='word_1_363' title='bbox 390 3959 611 4028; x_wconf 86' lang='lat' dir='ltr'>affirmationis</span> <span class='ocrx_word' id='word_1_364' title='bbox 640 3961 847 4044; x_wconf 85' lang='lat' dir='ltr'>gravissimae</span> <span class='ocrx_word' id='word_1_365' title='bbox 878 3962 992 4038; x_wconf 79' lang='lat' dir='ltr'>edepol,</span> <span class='ocrx_word' id='word_1_366' title='bbox 1015 3965 1111 4024; x_wconf 82' lang='lat' dir='ltr'>barole</span> <span class='ocrx_word' id='word_1_367' title='bbox 1134 3967 1167 4028; x_wconf 91' lang='lat' dir='ltr'>et</span> <span class='ocrx_word' id='word_1_368' title='bbox 1189 3964 1274 4044; x_wconf 91' lang='lat' dir='ltr'>quod</span> 
     </span>
     <span class='ocr_line' id='line_1_40' title="bbox 114 4057 1270 4148; baseline -0.004 -20"><span class='ocrx_word' id='word_1_369' title='bbox 114 4060 212 4128; x_wconf 90' lang='lat' dir='ltr'>simul</span> <span class='ocrx_word' id='word_1_370' title='bbox 233 4061 469 4127; x_wconf 86' lang='lat' dir='ltr'>adversativam</span> <span class='ocrx_word' id='word_1_371' title='bbox 492 4059 631 4148; x_wconf 86' lang='lat' dir='ltr'>aliquam</span> <span class='ocrx_word' id='word_1_372' title='bbox 655 4060 716 4126; x_wconf 91' lang='lat' dir='ltr'>vim</span> <span class='ocrx_word' id='word_1_373' title='bbox 739 4061 772 4124; x_wconf 90' lang='lat' dir='ltr'>in</span> <span class='ocrx_word' id='word_1_374' title='bbox 795 4077 830 4124; x_wconf 88' lang='lat' dir='ltr'>se</span> <span class='ocrx_word' id='word_1_375' title='bbox 853 4057 952 4124; x_wconf 89' lang='lat' dir='ltr'>habet</span> <span class='ocrx_word' id='word_1_376' title='bbox 970 4077 1055 4129; x_wconf 83' lang='lat' dir='ltr'>cero,</span> <span class='ocrx_word' id='word_1_377' title='bbox 1078 4061 1162 4126; x_wconf 90' lang='lat' dir='ltr'>unde</span> <span class='ocrx_word' id='word_1_378' title='bbox 1182 4063 1270 4123; x_wconf 79' lang='lat' dir='ltr'>immo</span> 
     </span>
     <span class='ocr_line' id='line_1_41' title="bbox 114 4156 1275 4246; baseline -0.002 -22"><span class='ocrx_word' id='word_1_379' title='bbox 114 4178 187 4224; x_wconf 78' lang='lat' dir='ltr'>aare</span> <span class='ocrx_word' id='word_1_380' title='bbox 209 4159 350 4240; x_wconf 83' lang='lat' dir='ltr'>exsistit,</span> <span class='ocrx_word' id='word_1_381' title='bbox 379 4175 442 4240; x_wconf 91' lang='lat' dir='ltr'>quo</span> <span class='ocrx_word' id='word_1_382' title='bbox 471 4156 573 4237; x_wconf 81' lang='lat' dir='ltr'>oratio</span> <span class='ocrx_word' id='word_1_383' title='bbox 596 4161 655 4246; x_wconf 83' lang='lat' dir='ltr'>aut</span> <span class='ocrx_word' id='word_1_384' title='bbox 675 4174 858 4240; x_wconf 87' lang='lat' dir='ltr'>repugnare</span> <span class='ocrx_word' id='word_1_385' title='bbox 882 4156 1036 4236; x_wconf 86' lang='lat' dir='ltr'>oppositis</span> <span class='ocrx_word' id='word_1_386' title='bbox 1066 4164 1123 4222; x_wconf 88' lang='lat' dir='ltr'>aut</span> <span class='ocrx_word' id='word_1_387' title='bbox 1145 4157 1187 4222; x_wconf 90' lang='lat' dir='ltr'>ad</span> <span class='ocrx_word' id='word_1_388' title='bbox 1208 4175 1275 4222; x_wconf 87' lang='lat' dir='ltr'>ma·</span> 
     </span>
    </p>

    <p class='ocr_par' dir='ltr' id='par_1_6' title="bbox 999 4255 1065 4321">
     <span class='ocr_line' id='line_1_42' title="bbox 999 4255 1065 4321; baseline 0.015 -1"><span class='ocrx_word' id='word_1_389' title='bbox 999 4255 1065 4321; x_wconf 82' lang='lat'>20*</span> 
     </span>
    </p>
   </div>
   <div class='ocr_carea' id='block_1_4' title="bbox 0 0 1525 4766">
    <p class='ocr_par' dir='ltr' id='par_1_7' title="bbox 0 0 1525 4766">
     <span class='ocr_line' id='line_1_43' title="bbox 0 0 1525 4766; baseline 0 0"><span class='ocrx_word' id='word_1_390' title='bbox 0 0 1525 4766; x_wconf 95' lang='lat' dir='ltr'> </span> 
     </span>
    </p>
   </div>
  </div>
 </body>
</html>
