3090 4768
492 145 532 184 DE
548 144 700 186 euuuuoto
717 147 755 186 ltu
769 145 950 190 assumptum
1270 159 1310 218 47

158 331 230 412 ipsa
258 337 365 398 autem
394 330 498 398 suffixi
528 337 584 398 das
612 341 728 400 natura
755 336 852 416 inest,
874 334 919 416 lut
945 353 1008 400 non
1039 334 1141 415 possit
1162 351 1233 400 eum
1257 336 1312 402 de·

159 429 302 511 signare,
332 432 386 511 qui
414 449 481 496 rem
511 432 574 498 iam
596 432 768 514 perfecerit
790 437 823 498 et
843 431 1028 509 absolverit,
1060 431 1115 496 sed
1138 437 1246 512 aptum
1269 435 1312 500 sit

155 528 198 592 ad
222 546 291 594 eam
317 529 527 596 conditionem
551 531 804 611 describendam,
826 531 859 594 in
882 549 945 612 qua
966 531 994 596 is
1017 535 1066 596 est
1088 529 1142 609 qui
1159 548 1230 595 cum
1245 549 1313 596 ma·

154 625 239 692 xime
262 626 331 708 agit
354 633 387 691 et
409 628 440 692 in
463 629 587 708 agendo
609 633 773 707 versatum
799 634 857 693 aut
881 630 936 710 qui
958 629 1113 694 actionem
1137 633 1311 709 praeparat

154 728 190 788 et
212 728 249 788 ut
270 722 328 788 fiat
350 721 460 804 efficit;
488 729 525 789 ut
553 725 638 800 baud
663 744 736 790 raro
760 745 777 790 e
799 728 906 793 verbis
929 726 1055 806 additis,
1084 724 1161 806 quid
1184 743 1310 806 quoque

153 820 225 889 loco
260 822 366 888 valeat
394 827 427 887 et
455 823 612 902 quomodo
646 823 781 905 intelligi
817 825 947 902 debeat,
983 823 1120 904 pendere
1154 824 1309 889 videatur.

153 918 276 984 Tamen
306 927 475 1001 tantopere
503 911 636 988 actionis
664 924 752 987 notio
779 924 899 988 eminet
921 926 959 986 ut
988 938 1097 986 omues
1120 920 1187 986 fere
1211 939 1310 1002 agno-

156 1018 266 1092 verint
289 1019 322 1082 et
345 1020 504 1099 explicare
527 1021 632 1086 conati
656 1021 719 1085 sint
742 1020 950 1101 grammatici,
973 1020 1130 1101 quomodo
1153 1019 1310 1084 adiectiva

154 1114 261 1180 lorma
282 1116 316 1182 in
338 1116 484 1184 infinitivi
508 1118 613 1184 locum
636 1120 777 1200 potuerit
800 1118 981 1184 succedere.
1024 1115 1062 1180 ld
1084 1118 1242 1197 quomodo
1265 1116 1312 1181 la·
1380 1121 1382 1128 ’

151 1220 241 1278 ctum
266 1215 309 1279 sit
330 1214 391 1280 lam
414 1221 504 1296 patet
526 1217 596 1297 ipsa
618 1217 778 1298 participii
800 1215 903 1280 forma
918 1214 1058 1296 cognita,
1082 1215 1109 1279 si
1124 1217 1309 1300 reputamus

150 1329 226 1376 eam
247 1311 346 1377 fnisse
369 1314 550 1394 linguarum
573 1315 775 1394 antiquarum
791 1314 938 1392 indolem,
963 1331 1025 1393 qua
1047 1312 1132 1378 haud
1152 1330 1224 1377 raro
1247 1331 1310 1376 non

151 1415 222 1474 tam
246 1410 348 1490 ipsam
371 1413 529 1477 actionem
554 1410 775 1499 significarent,
799 1430 892 1494 quam
916 1429 982 1475 rem
1006 1411 1038 1473 in
1061 1412 1185 1475 actione
1202 1410 1309 1489 aliqua

147 1514 335 1572 versantem
358 1517 414 1574 aut
437 1509 616 1575 conditione
639 1511 826 1591 praeditam.
874 1509 966 1587 Quod
990 1527 1052 1572 non
1075 1509 1176 1573 solum
1200 1509 1231 1572 in
1249 1506 1309 1574 hac

147 1606 185 1670 in
211 1608 267 1668 dats
290 1607 421 1671 cadente
444 1607 555 1686 forma,
580 1608 636 1672 sed
659 1609 753 1673 etlam
777 1610 809 1672 in
825 1608 991 1688 participio
1007 1608 1173 1688 praeteriti
1189 1605 1308 1671 lactum

147 1723 224 1769 esse
256 1703 395 1784 vulgatis
423 1705 499 1770 illis:
535 1713 685 1786 receptus
713 1705 872 1772 Hannibal
894 1741 936 1752 -
959 1705 1078 1770 bellum
1105 1703 1243 1770 faciebat
1265 1738 1309 1748 -

148 1802 393 1881 comprobatur.
438 1803 506 1866 lam
529 1821 605 1866 vero
629 1810 744 1868 neutra
766 1805 995 1870 adiectlvorum
1017 1813 1173 1884 personae
1193 1801 1246 1866 vel
1260 1801 1308 1865 rei

148 1900 291 1978 notione,
316 1901 366 1965 cui
382 1899 520 1980 qualitas
535 1900 691 1967 adiectivo
709 1899 885 1982 significata
901 1901 1063 1979 adhaeret,
1087 1901 1258 1966 obscurata
1274 1903 1308 1962 et

147 1995 423 2079 paenebppressa
437 1999 538 2079 ipsam
554 1999 750 2080 qualitatem,
774 2014 963 2080 quamquam
980 2018 1042 2064 non
1064 2003 1180 2063 utrem
1199 2015 1257 2078 per
1272 2015 1308 2061 se

147 2101 347 2176 exstantem,
378 2098 462 2176 quod
490 2097 762 2162 substantivorum
786 2104 857 2177 est,¹
872 2100 1054 2181 designant,
1079 2101 1185 2161 tamen
1207 2095 1309 2160 nomi-

146 2199 230 2259 nant
263 2199 295 2259 et
322 2201 434 2258 notant
464 2196 635 2275 nequead
665 2213 732 2260 rem
762 2196 897 2276 aliquam
927 2197 1080 2262 referunt.
1128 2194 1306 2259 xildiectivis

148 2297 261 2356 autem
284 2311 354 2358 cum
378 2294 475 2358 etiam
497 2293 529 2356 id
553 2293 638 2372 quod
659 2293 692 2356 in
711 2294 788 2355 adas
804 2295 994 2359 terminatur
1011 2295 1053 2358 sit
1067 2291 1306 2374 adsignandum,

147 2396 310 2468 quatenus
332 2389 467 2455 formam
490 2390 679 2456 adiectivam
710 2390 808 2456 babet
830 2409 889 2456 nec
913 2411 931 2456 a
955 2387 1187 2471 significatione
1210 2389 1306 2468 longe

151 2487 247 2564 abist,
272 2489 340 2552 eius
363 2495 511 2552 neutrum
535 2507 598 2552 non
621 2506 689 2552 rem
712 2505 794 2568 quae
818 2489 973 2553 actionem
998 2487 1095 2554 elficit
1117 2492 1226 2569 potest
1250 2487 1304 2549 de-

148 2586 289 2665 signare,
314 2587 369 2651 sed
393 2579 497 2666 ipsum
520 2589 637 2662 efficere
659 2591 802 2648 atonem
822 2587 873 2650 vel
888 2586 990 2666 ipsum
1008 2605 1116 2668 agere,
1139 2591 1176 2651 ut
1192 2585 1305 2660 legendi

148 2685 215 2748 iam
240 2685 367 2748 nonsit
390 2685 524 2750 alicuius
546 2685 593 2749 rei
616 2692 697 2764 quae
719 2684 887 2749 lectionem
913 2683 1008 2749 efficit
1030 2684 1221 2760 anthabet,
1248 2683 1304 2748 sed

146 2782 255 2862 ipsum
283 2782 406 2862 legere,
430 2788 462 2847 et
483 2783 529 2846 ita
555 2785 696 2862 proxime
719 2783 759 2846 ad
782 2781 927 2846 infinitivi
949 2788 1140 2863 potestatem
1164 2780 1304 2846 accedat.

146 2878 214 2943 Sed
242 2898 312 2944 cum
344 2899 361 2943 e
392 2879 493 2944 forma
522 2881 703 2960 profectum
732 2881 773 2944 sit
804 2881 888 2945 inter
915 2882 1051 2945 activum
1081 2885 1114 2944 et
1141 2879 1304 2960 passivum

145 2978 254 3042 media
276 2978 443 3057 ipsamque
466 2997 558 3043 casus
583 2984 616 3042 et
637 2978 773 3042 nominis
796 2967 930 3042 formam
950 2979 1096 3056 retineat,
1120 2995 1183 3041 uon
1198 2976 1302 3040 minus

148 3093 246 3156 quam
270 3076 471 3141 substantiva
494 3074 638 3139 verbalia
661 3077 777 3140 omisso
801 3076 896 3140 activi
924 3083 956 3140 et
983 3074 1101 3156 passivi
1121 3075 1301 3139 discrimine

149 3173 336 3255 generalem
369 3180 505 3237 tautum.
523 3179 555 3236 et
584 3174 764 3238 universam
793 3173 925 3238 actionis
955 3174 1116 3237 notionem
1145 3172 1303 3250 designat,

145 3290 229 3353 qnae
260 3279 357 3353 prout
387 3269 522 3337 aetionis
546 3276 602 3335 aut
624 3271 792 3350 passionis*
806 3272 981 3338 subiectum
1005 3270 1195 3334 interturia
1222 3269 1303 3333 hanc

144 3370 275 3436 illamve
305 3375 430 3450 partem
458 3367 542 3431 trahi
565 3373 685 3448 potest:
724 3376 820 3450 atque
849 3369 1112 3448 quemadmodum
1135 3368 1301 3432 lectionem

145 3469 282 3532 dicimus
306 3469 374 3532 eius
398 3469 452 3548 qui
474 3465 555 3546 legit
578 3476 610 3530 et
632 3465 704 3530 libri
727 3469 795 3530 eius
818 3468 873 3546 qni
888 3468 1016 3548 legitur,
1040 3468 1084 3530 ita
1101 3468 1237 3527 censenda·
1253 3485 1303 3528 re-

144 3565 222 3631 ferri
254 3571 362 3646 potest
385 3566 425 3629 ad
449 3583 611 3628 censorem
635 3571 668 3627 et
692 3566 733 3628 ad
760 3584 831 3628 eurn
854 3567 908 3644 qui
932 3571 1088 3630 censetur.
1136 3564 1224 3639 Quae
1240 3564 1301 3627 nisi

145 3670 233 3728 esset
255 3664 402 3744 gerundii
425 3668 540 3725 natura
563 3679 625 3725 non
648 3662 899 3746 intelligeretur,
923 3681 985 3742 quo
1008 3663 1100 3726 modo
1124 3660 1177 3725 alii
1200 3661 1300 3724 solem

145 3762 283 3830 activam
314 3760 368 3825 alii
391 3761 551 3840 passivam
573 3761 636 3822 vim
659 3761 840 3838 potuissent
861 3760 977 3825 inferre
1002 3767 1034 3824 et
1058 3760 1089 3822 vi
1111 3765 1207 3838 atque
1231 3764 1301 3822 arte

146 3859 274 3940 singula
302 3857 447 3939 exempla
470 3858 510 3921 ad
532 3856 613 3921 banc
639 3856 766 3922 illamve
790 3863 1009 3937 contorquere.
1056 3856 1175 3934 Quodsi
1198 3856 1300 3935 ipsam

145 3959 305 4024 actionem
328 3955 447 4020 indicat
470 3955 669 4036 gerundium,
693 3975 764 4021 cum
788 3974 851 4018 non
873 3956 961 4020 verbi
981 3953 1062 4018 finiti
1078 3943 1243 4035 proprium
1259 3954 1301 4016 sit

146 4073 241 4122 casus
263 4071 387 4135 regere,
411 4071 469 4118 nec
494 4071 531 4117 ea
553 4053 600 4118 vis
622 4053 699 4118 insit
722 4054 754 4118 in
776 4053 911 4119 subiecti
934 4059 966 4117 et
988 4052 1165 4133 praedicati
1187 4051 1300 4115 intima

145 4152 204 4217 illa
229 4170 311 4234 quae
340 4151 373 4216 in
396 4151 494 4217 verbo
521 4149 610 4216 finito
634 4148 670 4214 fit
690 4150 907 4218 intercedente
931 4150 1044 4232 copula
1067 4148 1300 4224 coniunctione,
