3090 4768
285 215 304 276 2
608 209 753 252 nonlouns
767 210 951 251 ΡΕΔΕΟΙΟΔΤΙ.
979 211 1041 250 ΟΔΡ.
1057 211 1104 250 vu.

283 397 391 464 Tertia
418 398 551 479 pluralis
576 406 647 461 suut
670 399 710 464 ib.
740 404 837 465 satur.
864 400 924 467 inc.
950 401 1006 467 lib.
1033 398 1144 482 fragm.
1175 405 1230 464 10:
1276 403 1431 476 Quaerunt

280 502 311 560 in
334 502 433 574 scirpo
454 499 637 590 cottiilquod
666 500 766 562 dicore
796 501 910 562 nodum.
957 499 1006 564 Ad
1029 501 1170 562 Plautum
1196 497 1280 578 qnod
1303 497 1430 577 attinet,

281 595 359 660 nihil
380 594 478 660 habet
499 593 690 666 offensionis,
712 595 796 676 qnod
818 595 851 660 in
873 597 1123 679 interrogatione
1146 596 1227 660 Rud.
1250 594 1310 670 ΙΙΙ,
1333 601 1364 673 4,
1390 598 1428 657 16

281 693 400 759 dictum
423 698 486 758 est:
510 697 596 771 Quid,
620 697 645 756 si
668 695 830 772 catigerni,
854 693 908 758 ubi
930 694 1025 761 facile
1047 699 1120 774 post
1141 697 1213 770 qnid
1232 699 1339 757 mente
1355 691 1430 757 addi

281 796 389 872 potest
410 795 474 854 erit.
518 791 640 857 Deinde
662 791 723 857 huc
745 791 885 872 pertinet
908 796 976 858 onte
998 811 1070 858 curn
1098 791 1242 872 sequenti
1265 789 1376 855 dativo
1395 788 1429 852 in

280 905 426 954 sermone
456 889 611 955 convivali
640 889 727 954 Pera.
757 889 795 969 V,
827 896 853 967 l,
882 895 937 956 20:
982 895 1060 954 Bene
1091 895 1172 966 mihi,
1206 893 1282 952 bene
1313 891 1427 949 amicae

279 1005 372 1064 meae,
389 986 429 1052 ad
445 1003 474 1066 q.
488 986 507 1050 l.
521 987 674 1052 Granum:
699 987 865 1067 „Breviter
879 988 1005 1068 dicitur,
1020 989 1183 1054 intellecto
1200 992 1247 1066 sit,
1259 985 1312 1051 vel
1327 987 1426 1059 cedat,

247 1095 249 1098 ’
280 1084 331 1150 vel
354 1083 498 1162 eveniat,“
545 1083 582 1149 ci
599 1103 626 1150 r.
644 1088 701 1150 22:
723 1089 804 1148 Bene
827 1090 911 1152 nobis
927 1090 1070 1152 omnibus.
1114 1105 1140 1150 v.
1159 1090 1212 1150 23:
1235 1089 1316 1148 Bene
1333 1085 1426 1146 vobis.

279 1201 306 1246 v.
324 1189 378 1247 24:
418 1187 504 1246 Bene
526 1186 553 1245 ei
576 1188 625 1261 qui
648 1187 759 1246 invidet
781 1187 863 1258 mihi,
887 1194 918 1246 et
940 1188 967 1246 ei
989 1189 1040 1262 qui
1062 1189 1118 1247 hoe
1141 1185 1250 1262 gaudet
1273 1180 1426 1261 [mecum].

278 1281 424 1361 Denique
445 1279 602 1346 formulae
629 1285 738 1345 mirum
764 1286 806 1353 wi,
834 1287 870 1347 ut
892 1283 1004 1364 Amph.
1031 1282 1056 1362 I,
1082 1287 1109 1362 l,
1135 1285 1211 1347 163:
1254 1284 1372 1344 Mirum
1394 1279 1428 1338 oi

278 1382 326 1442 hic
348 1399 394 1440 me
418 1381 502 1459 quasi
525 1399 693 1442 muraenam
717 1400 856 1444 exossare
880 1384 1000 1458 cogitat,
1024 1380 1064 1445 al.
1081 1386 1113 1446 et
1126 1385 1235 1443 mirum
1249 1383 1332 1456 quin.
1377 1376 1427 1440 Ad

277 1475 401 1556 reliqua
437 1477 522 1557 quod
559 1477 684 1559 attinet,
721 1473 808 1544 extat
845 1477 884 1541 de
920 1476 979 1542 hac
1015 1497 1050 1543 re
1087 1478 1215 1559 copiosa
1250 1473 1426 1559 disputatio

278 1573 455 1640 Bitschelii.
467 1576 639 1657 prolegom.
671 1575 711 1641 ad
734 1575 951 1640 Trinummum
973 1594 1002 1656 p.
1030 1581 1206 1655 loa-114,
1229 1576 1320 1639 cuius
1343 1588 1426 1654 qnae

278 1691 403 1738 summa
435 1679 494 1754 est,
528 1673 638 1754 paucis
672 1691 834 1755 exponam.
889 1675 994 1753 Atque
1028 1676 1067 1739 de
1104 1673 1201 1739 tertia
1233 1672 1362 1752 quidem
1393 1673 1426 1733 et

278 1771 417 1836 secunda
438 1789 575 1851 persona
596 1772 765 1852 singularis
786 1771 864 1836 haec
885 1770 1001 1836 habet:
1027 1771 1127 1851 ,Nam
1142 1788 1205 1853 quo
1221 1772 1248 1836 is
1264 1768 1423 1844 (Plautus)

277 1886 423 1934 sermone
445 1867 548 1934 utitur
569 1869 609 1934 ad
631 1870 716 1935 vitae
738 1887 831 1935 usum
853 1885 1050 1934 communem
1073 1869 1256 1951 composito,
1280 1868 1321 1933 ab
1338 1884 1375 1931 eo
1392 1869 1425 1929 et

279 1974 322 2030 est
342 1971 374 2031 et
403 1985 433 2029 es
454 1967 543 2033 verbi
565 1967 774 2047 omissionem,
803 1985 875 2032 curn
902 1987 922 2033 a
943 1967 1047 2049 poetis
1076 1972 1146 2031 tum
1168 1965 1422 2048 ascriptoribus

276 2064 527 2145 frequentatam,
562 2064 723 2131 sciendum
756 2069 807 2130 est
839 2065 966 2130 omnino
1000 2083 1072 2131 esse
1105 2065 1240 2130 alienam
1276 2083 1335 2131 nec
1361 2059 1423 2127 nisi

277 2162 447 2228 rarissimis
463 2161 698 2230 condicionibus
713 2163 889 2245 probatam.
919 2163 1108 2229 scuteriis
1124 2164 1249 2245 quidem
1265 2175 1422 2245 personae

279 2259 422 2341 exempla
443 2262 605 2342 negotium
627 2279 782 2342 nusquam
804 2259 974 2334 facessunt,
997 2267 1033 2327 nt
1052 2262 1166 2342 quibus
1189 2263 1297 2344 exigui
1312 2257 1423 2326 circuli

280 2358 455 2424 adiectione
477 2381 507 2424 es
530 2360 647 2440 ubique
669 2360 757 2425 nulla
779 2377 877 2440 opera
898 2358 1117 2426 restituatur.“
1164 2359 1215 2426 Sic
1236 2359 1367 2441 scripsit
1382 2355 1423 2420 ad

277 2456 358 2522 hanc
372 2475 515 2523 normam
531 2457 721 2524 Ritaeheliue
736 2457 833 2523 Mero.
850 2457 904 2537 IV,
919 2464 949 2536 4,
969 2463 1020 2522 12:
1041 2479 1113 2537 qnos
1128 2463 1207 2522 inter
1222 2464 1312 2524 index
1327 2455 1423 2520 dotu's

275 2573 333 2638 pro
355 2556 440 2636 vulg.
465 2557 560 2631 dotus,
589 2556 762 2636 eodemque
785 2556 878 2621 modo
901 2555 1101 2623 scribendum
1125 2563 1174 2623 est
1195 2557 1288 2650 Epio.
1313 2556 1367 2634 IV,
1391 2557 1420 2628 2,

275 2657 330 2718 26:
357 2655 456 2729 Quid?
478 2656 515 2715 ob
539 2672 641 2716 eamne
664 2673 725 2716 rem
750 2656 825 2716 hanc
849 2659 955 2732 emisti,
980 2658 1048 2732 quia
1070 2663 1148 2718 tuam
1171 2667 1290 2734 gnatam
1305 2652 1421 2717 rota'a?
1502 2689 1505 2700 1

274 2755 308 2815 et
322 2751 360 2830 V,
377 2757 405 2830 2,
421 2758 477 2816 45:
502 2754 562 2814 Gur
583 2755 655 2814 dare
678 2753 797 2816 usaue
820 2756 853 2816 et
875 2752 983 2818 multis
1006 2752 1076 2818 aliis
1098 2753 1185 2820 locis.
1229 2754 1320 2819 Idem
1335 2750 1421 2816 valet

274 2848 306 2912 in
329 2849 426 2913 tertie
447 2867 592 2929 persono,
615 2849 668 2914 ubi
690 2850 847 2916 sexcentis
869 2850 947 2916 locis
967 2857 1018 2915 ost
1038 2850 1088 2917 vcl
1108 2858 1187 2916 onst
1206 2850 1420 2918 revocandum

277 2953 336 3027 est,
374 2947 489 3027 quibus
527 2947 650 3012 librarii
687 2955 797 3014 contra
832 2948 1015 3013 Plautinum
1051 2965 1172 3015 morem
1207 2969 1245 3013 us
1283 2948 1334 3014 vel
1369 2963 1420 3010 um

275 3045 456 3126 irrigarunt.
516 3045 567 3111 Sic
604 3045 685 3111 Rud.
724 3045 778 3126 IV,
816 3054 850 3126 4,
893 3052 930 3113 31
969 3049 1031 3112 ianr
1068 3053 1143 3114 aute
1178 3047 1418 3114 Fleckeisenum

274 3142 457 3225 Geppertns
488 3144 642 3210 restituit:
687 3147 719 3206 Si
747 3149 799 3208 ille
829 3156 859 3207 te
887 3150 1074 3222 conprimere
1103 3148 1222 3209 rodmar
1251 3163 1310 3227 pro
1332 3140 1417 3221 vulg.
1508 3187 1509 3204 ,

273 3247 387 3307 solitus.
432 3242 537 3307 Etiam
564 3245 676 3323 Amph.
704 3242 741 3321 V,
774 3248 801 3323 l,
832 3248 871 3308 23
903 3248 1013 3308 contra
1045 3243 1169 3309 codices
1206 3250 1249 3306 est
1275 3240 1417 3308 additum
1507 3269 1508 3285 ι

272 3344 322 3405 est
354 3359 373 3405 a
405 3339 626 3406 Fleckeiseno:
681 3343 753 3416 Ibo,
788 3350 821 3404 ut
854 3361 1049 3419 cognoscem,
1084 3343 1216 3420 quisquis
1248 3351 1303 3406 est.
1350 3337 1416 3418 [est]

271 3441 448 3514 Amphitruo
493 3441 541 3501 hic
586 3440 702 3516 quidem
747 3457 815 3502 erns
859 3460 961 3515 meus,
1004 3439 1081 3504 item
1117 3459 1137 3503 a
1172 3437 1347 3504 Ritschelio
1384 3441 1418 3499 et

270 3533 476 3600 Fleckeiseno
506 3535 620 3601 Pseud.
649 3534 703 3602 IV.
733 3540 766 3615 2,
792 3541 847 3602 38:
892 3541 967 3600 Nam
1002 3538 1089 3600 hodie
1118 3540 1238 3600 Sicnoui
1266 3538 1418 3600 necessest

271 3651 318 3695 me
340 3651 414 3697 esse.
459 3633 571 3713 Pergit
592 3635 800 3700 Ritschelius:
846 3634 1021 3715 ,Exempta
1044 3651 1114 3700 esse
1136 3653 1236 3716 pauca
1260 3634 1415 3706 videntur,

272 3828 333 3894 sibi
363 3828 470 3894 sedem
498 3829 624 3896 omissio
655 3831 742 3898 verbi
764 3829 891 3896 hebet.“
937 3830 1027 3895 Inter
1048 3847 1129 3910 quae
1149 3831 1287 3912 primum
1309 3824 1416 3911 posuit

270 3929 391 4006 swam,
415 3926 498 4006 quod
520 3928 679 3995 nonnullis
701 3929 780 3997 locis
795 3928 949 3997 Plautinis
964 3930 1090 4012 legitur,
1113 3948 1247 4012 quornm
1262 3928 1311 4006 iis,
1335 3937 1414 4006 quos

270 4025 379 4091 attulit
405 4023 611 4100 Ritschelins‚
637 4028 711 4095 addi
738 4033 845 4110 potest
875 4029 973 4094 etiam
1002 4030 1097 4094 Poen.
1127 4028 1164 4109 V,
1194 4034 1222 4108 2,
1249 4030 1324 4092 107:
1367 4026 1413 4086 An
1496 4019 1497 4022 ’

268 4127 376 4186 mortui
399 4123 489 4186 suut?
532 4123 600 4190 HA·
645 4130 779 4198 Fortuna,
807 4131 885 4206 quod
912 4149 966 4207 ego
993 4147 1081 4206 aegro
1110 4131 1176 4190 tuli.
1219 4126 1310 4192 Idem
1337 4135 1412 4186 usus

1504 3317 1507 3369 Ι

1505 3419 1506 3450 r

1504 3497 1505 3533 Ι

1500 3571 1504 3702 Ι

270 3729 387 3811 quibus
422 3730 463 3795 ad
500 3730 691 3798 rhetoricum
727 3751 829 3814 genus
864 3733 1050 3812 accedatur,
1093 3732 1126 3796 in
1159 3749 1220 3812 quo
1253 3731 1415 3813 propriam
1496 3707 1502 4027 1

269 4221 431 4301 reperitur
459 4219 545 4301 apud
568 4221 752 4292 Terentium
780 4225 861 4291 Eun.
891 4224 945 4305 IV,
972 4232 1002 4305 4,
1030 4230 1069 4292 39
1099 4244 1160 4308 sq.:
1197 4235 1279 4290 tuum
1302 4228 1412 4285 vestem

1493 4377 1494 4439 Ι

1491 4439 1493 4521 Ι

1486 4537 1492 4729 Ι
