3090 4768
451 163 489 202 Dlt
504 165 675 205 1rtr1rtltuvo.
690 185 715 197 -
730 167 826 208 SUBST.
842 168 986 210 VERBAIAE.
1250 185 1291 245 25

144 346 310 427 utriusque
342 347 463 416 formae
496 358 643 422 naturam
677 355 710 420 io
744 374 778 422 se
812 358 1050 438 complectatur,
1085 363 1141 426 sed
1171 363 1210 428 ab
1239 364 1292 429 illo

143 443 345 524 proficiscens
373 448 413 514 ad
443 449 501 515 hoc
529 457 595 516 tam
623 471 722 534 prope
750 455 892 534 accedat,
919 463 955 522 ut
972 446 1131 524 'facillime
1154 463 1293 528 transire

143 543 263 610 ineius
287 553 320 608 et
341 547 404 610 vim
427 552 460 614 et
481 547 615 614 formam
637 551 748 633 possit.
794 552 882 618 Haec
905 553 1060 620 hacteuus
1081 555 1120 621 de
1136 561 1295 625 sententia

143 641 349 709 Humboldtii.
395 645 495 712 Paulo
524 648 619 714 aliam
650 655 757 715 mineo
785 650 825 716 de
854 650 1000 717 infinitivi
1029 660 1143 721 natura
1167 663 1294 722 oenten-

83 773 88 788 ·
144 740 218 804 tiam
251 743 421 824 proposuit
455 745 540 810 idem
569 747 798 815 Humboldtius
832 750 864 814 in
899 750 1034 833 epistola
1066 753 1186 832 scripta
1212 772 1294 820 anno

146 844 234 919 1826,
271 858 353 920 quae
388 841 517 923 vulgata
549 850 600 912 est
629 845 662 910 in
690 844 854 912 Aulrecbti
884 852 917 912 et
945 847 1064 913 Kuhoii
1093 849 1244 916 Zeitscbr.
1274 851 1295 917 f.

35 961 36 976 Ι
143 938 239 1018 vergi.
257 939 554 1023 Sprachforschung
569 943 610 1022 ΙΙ,
625 952 655 1023 4,
679 962 751 1010 cum
773 962 837 1024 qua
859 945 967 1010 contar
989 964 1071 1026 quae
1088 947 1296 1016 Steintbalius

35 1119 36 1124 ἵ
143 1039 288 1118 exposuit
310 1040 343 1102 in
365 1042 600 1120 „grammatica
624 1042 736 1122 logica,
758 1043 964 1124 psychologia
987 1061 1160 1124 eorumque
1181 1049 1297 1128 priuci-

35 1135 37 1160 l
143 1137 220 1218 piis“
257 1156 288 1217 p.
328 1142 505 1206 ece-373.
557 1141 660 1205 Docet
693 1139 744 1206 hic
777 1139 966 1207 infinitivum
999 1142 1032 1206 in
1066 1161 1100 1208 se
1134 1146 1297 1212 continere

142 1236 268 1314 plenam
291 1237 355 1300 vim
377 1236 537 1305 verbalem
559 1255 596 1302 ac
619 1256 659 1302 oe
682 1255 892 1318 personarum
915 1240 1042 1318 quidem
1066 1240 1297 1322 significatione

142 1333 333 1400 destitutum
367 1353 448 1416 esse,
482 1353 562 1415 quae
596 1336 697 1400 lateat
729 1337 761 1401 io
800 1354 837 1402 eo
871 1338 963 1402 modo
991 1335 1123 1419 infinito,
1158 1341 1296 1422 denique

142 1431 259 1500 habere
282 1452 355 1499 eum
378 1435 441 1499 vim
464 1451 526 1499 ooo
557 1434 684 1515 quidem
708 1436 947 1500 enunciatorum
971 1435 1217 1519 formandorum,
1241 1439 1299 1503 sed

142 1539 249 1596 tameo
277 1533 536 1612 praedicativam.
581 1534 670 1598 lotar
692 1533 889 1598 Graecorum
918 1543 1026 1598 autem
1055 1542 1088 1599 et
1111 1536 1298 1602 Latinorum

35 1695 36 1700 ,
141 1629 329 1696 infinitivum
351 1629 411 1695 hoc
435 1637 485 1696 est
507 1630 707 1709 discriminis,
738 1632 822 1709 quod
850 1631 935 1710 apud
958 1631 1100 1698 Graecos
1122 1634 1177 1698 inf.
1201 1653 1298 1714 saepe

142 1729 378 1794 substantivum
417 1729 545 1794 verbale
583 1748 654 1794 esse
691 1737 815 1809 potest,
851 1730 938 1810 apud
970 1731 1099 1796 Latinos
1137 1734 1299 1798 rarissime

141 1833 276 1905 tantuna
311 1827 396 1904 apud
418 1844 498 1907 quos
531 1825 563 1890 iu
599 1827 725 1892 casibus
760 1828 896 1907 obliquis
930 1829 1061 1909 quidem
1093 1831 1161 1896 eius
1179 1830 1299 1896 locum

142 1933 253 1990 tenent
276 1925 466 2005 gerundium
487 1931 521 1990 et
544 1925 701 2005 supinum.

230 2029 257 2086 1.
301 2025 477 2098 Inficitioas
502 2027 564 2085 oica
594 2026 732 2100 saepitur
759 2028 937 2088 substantivi
964 2029 1101 2089 verbalia.
1152 2026 1231 2092 Cato
1261 2045 1300 2091 ex

142 2122 195 2188 lib.
219 2122 251 2187 ΙΙ
276 2123 376 2202 origg.
405 2139 456 2200 ap.
474 2119 595 2186 Charis.
619 2123 672 2188 lib.
696 2121 739 2202 ΙΙ,
763 2143 792 2202 p.
820 2129 892 2187 181:
937 2126 1083 2202 Pleraque
1107 2128 1205 2189 Gallia
1227 2129 1300 2188 duas

141 2242 190 2284 res
216 2225 483 2284 industriosisaime
513 2225 718 2298 persequitur,
746 2241 809 2284 rem
835 2224 993 2282 auditorem
1020 2233 1052 2284 et
1079 2230 1185 2298 orpote
1212 2226 1300 2299 loqui.

144 2320 250 2385 Plaut.
280 2318 393 2384 Bacch.
417 2317 443 2397 Ι,
468 2323 497 2398 2,
522 2323 576 2382 50:
607 2323 655 2380 hic
677 2323 774 2380 ocrert
797 2323 937 2397 perdidit,
965 2318 994 2382 b.
1019 2337 1044 2383 e.
1067 2321 1299 2385 verecundiam.

35 2417 36 2450 ³
142 2418 239 2482 Poen.
264 2416 322 2494 ΙΙΙ,
348 2423 376 2488 3,
400 2421 458 2482 98:
510 2421 548 2480 Ut
582 2428 645 2480 tute
680 2423 832 2494 inspectes
865 2437 968 2478 aurum
1003 2422 1102 2482 lenoni
1135 2421 1207 2479 dura
1242 2419 1300 2494 (sic

143 2516 270 2598 Asopg),
293 2515 347 2580 ubi
371 2521 477 2580 tamen
499 2521 578 2595 puto
601 2515 801 2580 scribendum
826 2533 897 2579 esse
920 2519 996 2578 dari.
1042 2513 1134 2580 Cure.
1156 2515 1300 2594 1,1,re:

144 2619 189 2678 lta
221 2622 305 2678 taam
339 2615 474 2678 conferto
508 2633 610 2676 amora
644 2634 772 2692 sempor,
804 2618 830 2676 si
861 2619 954 2689 sapis,
982 2615 1023 2677 ad
1052 2632 1081 2694 q.
1105 2613 1126 2679 l.
1150 2613 1300 2679 dauborc

145 2741 206 2794 „=
228 2719 302 2778 tuas
325 2712 509 2776 amationes.
555 2710 607 2776 Sic
631 2710 746 2776 Graeci
769 2701 805 2774 τὸ
827 2711 895 2791 ἐρᾶν
923 2729 980 2788 pro
1004 2710 1108 2793 ἕρως.“
1154 2711 1251 2776 Poen.
1274 2711 1300 2790 Ι,

146 2817 173 2891 2,
200 2817 274 2876 100:
306 2817 345 2873 lt
368 2830 422 2886 ego
446 2829 512 2872 amo
535 2813 632 2872 lrauc.¹
668 2809 727 2876 Ml.
773 2817 814 2872 At
836 2830 890 2887 ego
913 2830 972 2872 esse
996 2821 1026 2870 et
1049 2813 1153 2873 bibere.
1198 2809 1301 2874 Rudd.

145 2928 173 2990 p.
198 2916 278 2976 229:
309 2926 403 2988 „proz
428 2907 627 2974 esitationem
652 2917 685 2972 et
706 2908 922 2972 bibitionem.“
968 2909 1122 2972 Fortasse
1144 2907 1208 2971 buc
1229 2926 1302 2988 per-

145 3011 225 3074 tinet
247 3007 344 3072 etiam
367 3005 459 3072 Cure.
483 3005 508 3075 1.
533 3013 562 3085 3,
586 3011 639 3070 21:
670 3016 763 3070 totum
787 3011 922 3068 insanum
945 3025 1045 3068 amaro
1070 3009 1126 3067 boc
1149 3017 1195 3068 est
1220 3009 1303 3082 quod

145 3129 226 3170 meus
250 3127 319 3169 erus
342 3109 425 3168 lacit.
471 3103 601 3170 Terent.
625 3105 724 3170 Andr.
747 3104 802 3183 IV,
829 3109 925 3183 1,52:
951 3107 1004 3165 boo
1024 3108 1079 3165 tibi
1101 3122 1156 3178 pro
1180 3107 1302 3166 servitio

146 3209 248 3284 debeo,
273 3207 385 3268 Comari
405 3207 539 3266 manibus
563 3206 687 3280 pedibus
708 3207 862 3280 noctisque
879 3217 910 3264 at
928 3205 1001 3279 dies,
1026 3203 1141 3278 Capitis
1156 3205 1303 3278 periclum

147 3307 240 3368 odire

231 3406 260 3466 2.
307 3402 435 3464 semeae
458 3398 686 3465 enunciatiouis
716 3399 819 3465 locuni
843 3404 933 3463 tenet
955 3397 1129 3462 infinitivus
1152 3403 1210 3462 aut
1231 3403 1305 3479 post

144 3501 251 3577 verba,
286 3516 368 3578 quae
402 3499 551 3564 dicamur
583 3498 817 3578 impersonalia,
851 3505 907 3560 aut
945 3497 972 3560 si
1002 3496 1222 3576 praedicatum
1254 3502 1305 3561 ast

146 3598 337 3664 adiectivum
362 3598 413 3662 vel
434 3597 669 3662 substantivum
693 3613 763 3662 cum
786 3603 829 3659 est
852 3595 1064 3660 coniunctum.
1111 3593 1190 3660 Cato
1211 3593 1250 3658 R.
1266 3593 1304 3658 R.

146 3695 259 3775 praet:
305 3701 385 3776 „Est
413 3699 563 3760 interdum
588 3702 745 3770 praestaro
774 3698 953 3756 mercaturis
984 3713 1047 3755 rem
1076 3711 1230 3770 quaerere,
1263 3717 1307 3746 =
1347 3721 1350 3730 ·

147 3801 302 3875 praestat,
325 3793 438 3858 melius
473 3799 530 3859 est.
587 3793 685 3858 Grou.
721 3793 788 3856 obs.
822 3791 877 3871 IV,
913 3809 944 3871 p.
982 3795 1050 3855 118.
1104 3788 1233 3854 Curtius
1266 3788 1307 3852 ad

149 3891 275 3958 Sallust.
299 3892 369 3971 lug.
396 3897 466 3968 110,
491 3898 519 3970 3,
552 3895 584 3953 cd
617 3889 730 3954 tommt
759 3906 824 3963 oor,
855 3885 913 3964 bob
937 3891 970 3950 ad
993 3886 1139 3970 gamalica
1163 3883 1307 3966 ooatbriiu

149 3989 248 4070 baltea
275 3988 319 4068 tlt.
365 3987 444 4054 Cale
474 3990 511 4054 R.
537 3991 573 4054 R.
603 4007 629 4054 c.
654 3994 711 4052 61:
759 3991 836 4063 Quid
872 3993 915 4048 est
947 4005 1049 4062 agrum
1084 3989 1159 4047 bene
1193 3985 1307 4047 colere?

149 4093 223 4152 bere
253 4110 353 4154 orare.
405 4092 482 4165 Quid
513 4089 695 4154 secondum?
739 4088 841 4159 Arare
865 4131 871 4145 .
897 4088 1003 4157 tertio,
1035 4084 1220 4160 stercorare,
1252 4080 1307 4143 ubi

152 4194 249 4252 colere
283 4189 428 4268 subiecti,
463 4189 563 4254 ceteri
595 4177 743 4250 infinitivi
777 4180 953 4264 praedicati
986 4179 1057 4244 loco
1093 4180 1189 4260 positi
1222 4181 1308 4240 sunt.
