3036 4766
499 159 648 200 nocemur
681 159 915 201 PARTIOUhARUll.
1224 167 1285 228 335

212 346 233 412 Ι.
278 348 317 413 Id
355 351 546 429 praesertim
576 350 610 414 in
636 349 797 430 responsis
823 347 863 414 iis
889 354 1041 430 apparet,
1076 347 1192 427 quibus
1222 363 1287 412 non

125 450 252 512 tantum
273 445 322 526 id,
352 447 437 529 quod
459 447 500 514 ab
522 447 626 513 altero
650 446 899 526 colloquentium
922 445 1043 512 dictum
1066 449 1151 526 erat,
1174 461 1287 512 conee-

127 544 225 625 ditur,
248 544 306 610 sed
327 550 385 610 aut
407 545 538 610 additur
560 543 681 625 aliquid
704 545 806 610 maius
830 549 864 610 et
887 543 1017 625 gravius
1032 548 1091 610 aut
1105 542 1286 610 distinctius

124 641 206 706 iflud
228 643 452 722 constituitur,
483 647 657 723 utrumque
685 648 795 709 autern
824 643 880 706 uni
910 641 1036 722 aequali
1063 640 1179 706 rationi
1211 641 1286 707 sub-

124 739 267 806 mittitur
296 740 452 814 (Handius
481 759 512 822 p.
535 743 623 817 467).
650 740 754 807 Plaut.
777 740 893 808 Bacch.
916 739 980 820 III,
1004 741 1042 819 6,
1066 744 1099 806 9:
1129 742 1285 817 Numquae

125 839 297 902 advenienti
319 842 475 918 aegritudo
499 839 668 902 obiectast?
713 839 787 904 MN.
820 842 920 916 Atque
941 858 1106 903 acerruma
1151 837 1237 902 Men.
1260 837 1286 917 I,

125 939 155 1015 2,
179 941 236 1002 40:
258 941 376 1017 Ecquid
399 941 491 1002 andes
513 940 549 1000 de
572 946 626 999 tuo
648 941 725 1000 istuc
748 935 882 1001 addere?
927 933 1021 1001 PEN.
1045 937 1144 1012 Atque
1167 940 1287 1000 hilaris·

126 1053 219 1099 sume.
251 1034 318 1099 Mil.
342 1034 386 1116 ΙΙ,
410 1043 439 1115 3,
464 1039 515 1100 66.
536 1040 567 1115 4,
594 1040 642 1099 15.
672 1034 788 1101 Pseud.
813 1035 857 1116 II,
879 1043 911 1116 4,
934 1041 992 1102 49;
1016 1037 1134 1111 Ecquid
1158 1033 1285 1114 [autem]

125 1133 214 1194 homo
236 1136 329 1195 habet
350 1138 430 1196 aceti
452 1137 483 1196 in
505 1135 651 1211 pectore?
696 1131 762 1197 CH.
784 1135 885 1210 Atque
908 1136 1088 1197 acidissumi.
1132 1131 1223 1198 Pers.
1247 1132 1286 1212 V,

127 1234 157 1310 2,
182 1236 240 1295 49:
264 1235 313 1293 hic
335 1231 401 1295 cius
424 1235 574 1310 geminust
595 1232 701 1296 irater.
746 1231 815 1297 ΒΟ.
838 1231 994 1296 Hicinesti
1038 1229 1103 1297 ΤΟ.
1125 1232 1173 1294 Ac
1194 1234 1286 1309 gemi-

125 1332 284 1392 nissumus.
321 1329 450 1394 Terent.
474 1329 572 1394 Andr.
596 1327 639 1410 11,
664 1334 692 1409 1,
715 1333 772 1396 39:
802 1332 885 1408 fugin
909 1332 999 1393 hinc?
1036 1329 1102 1394 BY.
1126 1333 1191 1404 Ego
1215 1347 1287 1392 vero

121 1444 162 1486 oc
183 1429 298 1490 lubens.
350 1426 430 1491 Eun.
454 1427 493 1507 V,
518 1431 554 1505 3,
579 1432 613 1491 6:
635 1426 699 1492 PY.
730 1431 832 1494 Iamne
863 1431 1023 1492 ostendisti
1045 1431 1130 1507 signa
1153 1426 1287 1491 nutrici?

124 1521 192 1588 GH.
215 1527 331 1588 Omnia.
376 1524 439 1589 PY.
463 1528 593 1602 Amabo,
617 1528 687 1603 quid
711 1527 776 1588 alt?
803 1529 1016 1605 cognoscisne?
1061 1523 1128 1590 011.
1157 1527 1204 1588 Ac
1226 1543 1287 1588 mc-

128 1625 271 1702 moriter,
294 1623 329 1687 id
351 1627 415 1695 est,
443 1623 602 1703 quomodo
626 1619 815 1690 Schuetzius
847 1623 1002 1706 explicat:
1030 1639 1093 1688 non
1121 1622 1286 1704 cognoscit

125 1720 248 1801 solum,
272 1720 448 1786 sedetiam
471 1722 657 1788 memoriter
687 1723 859 1804 cognoscit.
882 1721 1028 1787 Ruhnk.:
1058 1721 1125 1804 „Ac
1151 1720 1289 1786 intendit

123 1818 315 1897 orationem,
339 1819 430 1899 quasi
453 1818 542 1885 dicas
565 1822 663 1891 raom,
684 1823 746 1899 oct,
769 1826 798 1882 ct
819 1822 965 1901 quidem.“

213 1934 243 1997 g.
288 1916 361 1982 Non
383 1916 514 1982 diversa
536 1923 587 1982 cst
609 1936 672 1998 res,
694 1918 750 1984 ubi
772 1918 882 1984 addita
903 1918 967 1984 clia
981 1918 1110 1986 notione
1134 1935 1181 1997 ea,
1205 1933 1287 1996 quae

126 2014 302 2094 antecedit,
332 2014 476 2096 pressius
506 2015 671 2096 magisque
698 2013 864 2082 definitur:
893 2017 979 2096 quod
1006 2016 1167 2082 interdum
1190 2015 1287 2079 etiam

125 2118 301 2194 percipere
330 2115 402 2176 odeo
432 2113 629 2194 exprimitur.
679 2113 746 2180 Nec
778 2115 914 2180 multum
941 2113 975 2179 id
997 2111 1106 2180 differt
1131 2133 1151 2179 a
1180 2113 1288 2180 verbis

122 2216 156 2272 ct
188 2211 314 2286 quidem.
361 2209 467 2289 Quare
497 2211 603 2292 ipsum
629 2213 747 2288 qaidcm
776 2213 871 2278 adiici
896 2216 1015 2293 petest.
1050 2211 1167 2288 (Hand.
1194 2211 1215 2276 l.
1239 2210 1288 2293 c).

127 2307 234 2373 Plaut.
262 2307 349 2374 Asin.
372 2308 437 2390 III,
462 2315 498 2390 3,
524 2313 599 2375 126:
634 2314 798 2373 Fortunam
826 2318 915 2387 atquc
942 2315 1175 2388 Opseqncntem.
1219 2309 1289 2376 Cas.

126 2405 192 2485 ΠΙ,
215 2411 249 2485 6,
276 2409 328 2470 12:
361 2409 427 2485 Ego
450 2409 573 2471 servos?
617 2405 675 2473 ST.
706 2411 805 2485 Atque
826 2405 918 2473 meus.
963 2405 1210 2489 Epid.111,4,
1235 2412 1290 2474 34:

126 2506 228 2581 Atque
249 2509 294 2567 ita
313 2506 460 2586 proiecto,
484 2514 518 2567 ut
537 2524 603 2568 eam
626 2526 663 2570 ex
685 2510 742 2570 hoc
765 2527 911 2572 exoneres
934 2526 1015 2585 agro.
1045 2504 1160 2571 Bacch.
1183 2503 1289 2586 111,e,

133 2607 174 2668 39
204 2617 266 2681 sq:
303 2605 404 2679 Quid?
438 2624 519 2667 amas
561 2603 753 2668 Bacchidem.
804 2603 857 2669 ΡΙ.
897 2609 980 2669 Duas
1013 2624 1086 2682 ergo
1126 2606 1175 2666 hic
1208 2607 1289 2668 intus

128 2721 218 2765 eccas
248 2703 425 2767 Bacchides.
469 2702 543 2768 MN.
574 2706 665 2782 Quid,
689 2705 787 2767 duae?
830 2702 883 2768 ΡΙ.
912 2705 1012 2779 Atque
1031 2707 1134 2766 ambas
1158 2720 1288 2766 sorores.

213 2798 244 2862 h.
289 2798 327 2863 In
362 2799 670 2882 comparationibus,
700 2801 776 2881 quic
805 2818 858 2866 res
886 2800 968 2866 duae
997 2819 1036 2867 cx
1066 2801 1175 2881 aliqua
1196 2804 1289 2881 parte

125 2898 394 2978 aequiparantur,
427 2899 589 2978 propriam
623 2897 731 2965 sedem
765 2903 902 2979 occupat
928 2904 1033 2980 atqua
1067 2900 1123 2964 ubi
1151 2898 1215 2963 alia
1251 2916 1290 2962 ex

129 2995 254 3059 ratione
277 3013 366 3072 quom
390 2993 516 3059 dicitur.
562 2993 715 3061 Sufficcre
742 3000 871 3076 poterat
891 2997 925 3060 in
947 2995 1011 3076 his,
1044 3013 1195 3077 expresso
1218 2995 1287 3076 ipsc

129 3094 347 3161 similitudinis
386 3093 531 3172 nomine,
576 3093 713 3174 simplex
749 3093 908 3174 particula
949 3093 1146 3175 copulativa:
1189 3110 1289 3173 quare

130 3192 248 3258 Graeci
271 3191 368 3255 etiarn
390 3195 442 3254 καί
462 3192 671 3273 usurpabant.
716 3191 789 3257 Nou
818 3194 897 3258 item
918 3193 1034 3257 Latini.
1079 3192 1107 3256 Ii
1130 3191 1213 3255 enirn
1234 3208 1290 3255 ne-

131 3289 306 3356 eessariam
332 3289 489 3368 putabant
519 3290 720 3369 aequationis
743 3289 935 3371 particulam
964 3297 998 3355 et
1020 3292 1060 3355 ad
1089 3289 1173 3355 hune
1197 3289 1290 3353 usum

129 3387 326 3452 diversitatis
350 3404 477 3468 quoqne
507 3394 540 3453 et
563 3387 830 3453 dissimilitudinis
861 3389 1130 3469 comparationem
1160 3387 1290 3454 revoca·

131 3485 219 3564 bant,
243 3490 412 3564 utramque
440 3486 552 3551 eodem
565 3486 660 3551 modo
677 3503 735 3565 pcr
750 3485 940 3567 particulam
963 3492 1051 3560 atque
1073 3485 1288 3566 designantes.

129 3582 245 3660 (Hand.
268 3602 298 3663 p.
323 3585 386 3646 468
410 3589 477 3663 sq).
522 3584 574 3650 Sic
596 3571 741 3664 ponitur·
756 3590 844 3659 atquc
871 3588 951 3664 post*
974 3603 1065 3658 oeque
1088 3588 1121 3647 et
1148 3587 1289 3660 adaeque.

128 3682 233 3746 Plaut.
256 3680 346 3760 Capt.
370 3679 408 3756 V,
431 3687 465 3760 4,
489 3686 522 3746 3;
552 3701 654 3745 verum
677 3685 827 3744 enimvero
851 3685 933 3742 nulla
956 3669 1116 3755 adaequat
1131 3685 1290 3745 Acheruns

130 3783 232 3855 Atque
253 3783 304 3842 ubi
326 3799 381 3856 ego
404 3777 446 3840 iui
468 3781 500 3840 in
523 3782 700 3856 lapicidinis.
725 3777 854 3842 Terent.
863 3778 969 3858 Andr.
993 3777 1049 3853 IV,
1073 3782 1108 3854 2,
1137 3784 1191 3844 19:
1217 3783 1290 3856 Quis

131 3880 256 3942 uidcor?
301 3876 366 3942 CH.
390 3875 497 3952 Miser,
523 3883 724 3952 reuocatque
747 3897 809 3954 ego.
856 3875 983 3939 Phorm.
1006 3875 1035 3954 Ι,
1060 3880 1096 3953 2,
1119 3883 1175 3941 43:
1206 3897 1289 3938 num-

131 3997 220 4055 quam
243 3994 333 4051 aeque
348 4009 388 4020 —-
405 3994 440 4036 oc
462 3977 549 4036 modo
572 3979 738 4051 Paupertas
761 3978 834 4037 mihi
856 3994 930 4037 onus
950 3979 1074 4036 visumst
1097 3985 1127 4035 et
1150 3978 1290 4035 miserum

131 4087 163 4138 et
186 4095 283 4154 grave.
328 4072 384 4151 IV,
413 4077 527 4150 l,'15:
556 4075 597 4132 Tc
621 4076 693 4134 mihi
716 4074 835 4135 fidelem
858 4093 925 4134 esse
952 4091 1043 4146 oeque
1065 4079 1151 4146 atque
1173 4082 1291 4146 egomet

132 4195 195 4237 sum
220 4176 292 4234 mihi
316 4175 443 4234 Scibam.
467 4203 509 4214 -·-
531 4176 605 4249 post
623 4172 700 4230 idem
724 4169 803 4236 Cato
826 4170 863 4234 R.
887 4169 924 4234 R.
940 4189 965 4233 c.
982 4174 1033 4248 48,
1060 4175 1093 4232 l:
1116 4169 1153 4230 ad
1169 4169 1291 4228 ewcdcm
