3036 4766
499 97 646 140 boentius
676 99 908 144 PARTIOULARUM.
1222 114 1284 178 353

124 283 273 350 obtineat
294 284 409 352 locum.
453 285 542 356 Haec
564 305 643 354 vero
665 288 836 358 diversitas
858 293 916 356 aut
938 289 970 356 in
998 289 1076 374 ipsis
1102 292 1200 359 robus
1228 311 1285 376 ap·

127 387 223 464 paret
255 389 289 448 et
321 401 374 448 res
401 383 552 450 dicuntur
584 403 644 452 sua
667 391 792 472 ¹natura
826 387 963 469 distare,
996 394 1055 454 aut
1088 389 1285 470 cogitatione

126 479 259 560 ponitur
281 499 366 560 esse,
394 480 518 548 etiamsi
540 482 574 550 in
599 483 696 550 rebus
722 484 801 565 ipsis
823 503 887 552 non
919 484 1026 552 obstet
1058 504 1117 552 nec
1150 487 1182 552 in
1214 487 1283 566 hac,

127 595 222 657 quam
253 579 417 658 ponimus,
458 579 658 646 diversarum
695 582 860 648 notionum
906 582 1129 652 coniunctione
1170 584 1284 652 ualeat

122 673 218 740 illam
242 674 442 757 appellamus
466 677 710 747 disiunctionem
732 679 828 746 rebus
855 679 1091 761 inhaerentem,
1122 681 1188 756 siue
1212 699 1284 748 cum

123 772 237 854 logicis
261 774 482 854 assentorium,
497 775 579 842 hanc
599 795 619 844 a
642 775 835 859 cogitatione
858 775 976 843 iactam
1007 779 1073 844 sive
1102 779 1284 859 problema-

124 868 233 935 ticam.
270 862 340 936 'Illa
371 890 469 953 quum
501 873 603 954 ipsam
634 894 703 941 rem
734 874 893 940 diversam
923 879 956 940 et
986 877 1180 942 contrariam
1209 880 1283 944 aute

124 967 236 1034 oculos
260 974 367 1049 ponat,
383 970 497 1036 maiori
512 971 544 1036 vi
567 973 745 1052 distinguit,
769 972 847 1038 haec
869 987 968 1051 quum
991 973 1184 1053 cogitatione
1211 980 1283 1040 tan·

124 1070 194 1130 tum
215 1065 342 1132 diversa
363 1075 520 1150 apponat,
544 1087 605 1134 non
628 1071 722 1135 modo
745 1087 807 1134 non
830 1074 927 1150 negat
950 1088 988 1138 ea
1009 1071 1041 1136 in
1064 1071 1134 1151 ipsa
1156 1087 1192 1135 re
1208 1089 1282 1136 con·

123 1163 249 1241 uenire,
273 1165 330 1230 sed
353 1183 435 1246 quae
458 1166 598 1249 disparia
619 1167 798 1243 videantur,
820 1165 924 1233 locum
949 1167 1095 1233 obtinere
1110 1185 1205 1248 posse
1227 1172 1284 1235 aut

123 1261 272 1326 obtinere
296 1265 456 1330 concedit:
482 1265 538 1330 illa
567 1283 650 1344 rem,
681 1265 785 1346 qualis
814 1266 885 1346 ipsa
915 1263 969 1344 sit,
999 1263 1172 1346 significat,
1203 1265 1283 1332 haec

120 1357 229 1438 qualis
251 1377 303 1424 res
328 1378 398 1426 esse
421 1362 533 1444 possit.
579 1364 685 1442 Atque
708 1362 794 1428 illam
818 1362 925 1428 Latini
940 1363 1123 1442 exprimunt
1136 1379 1196 1444 per
1210 1381 1283 1443 par·

123 1454 256 1520 ticulam
279 1465 347 1539 aut,
370 1459 452 1526 hanc
472 1477 532 1540 per
552 1463 606 1524 oct.
652 1459 733 1526 Nam
763 1477 821 1539 per
844 1466 899 1522 out
927 1464 1071 1525 mutatur
1101 1465 1134 1525 et
1159 1461 1283 1525 tollitur

120 1571 193 1633 res,
218 1571 299 1633 quae
323 1556 408 1622 dicta
435 1561 523 1638 erat,
556 1558 684 1638 aliaque
717 1557 938 1636 substituitur,
968 1574 1028 1638 per
1061 1560 1108 1619 oct
1141 1561 1285 1622 mutatur

123 1651 279 1733 cogitatio
310 1659 343 1718 et
372 1654 459 1719 aliod
485 1655 692 1722 substituitur
721 1654 931 1736 cogitatione:
959 1655 992 1720 id
1021 1655 1106 1735 quod
1136 1654 1284 1721 convenit

122 1765 197 1814 omn
221 1749 343 1831 origiue
363 1751 454 1817 verbi
476 1751 551 1818 oci.“
589 1752 633 1818 Et
646 1771 676 1834 p.
702 1757 764 1818 529
780 1770 843 1832 sq:
868 1752 1023 1832 ‚,Accedit
1037 1750 1125 1816 aliud
1140 1769 1282 1818 momen-

123 1851 193 1912 tum
223 1847 292 1913 hoc.
337 1848 519 1916 Disiuuctio
549 1851 718 1932 utriusque
751 1851 877 1932 generis
912 1854 969 1916 aut
1000 1850 1149 1930 opposita
1182 1849 1280 1914 habet

123 1961 196 2008 cum
224 1945 362 2024 quadam
392 1947 598 2024 necessitate,
629 1953 666 2014 ut
687 1949 935 2014 altorumutrum
961 1965 1065 2028 aequa
1078 1948 1202 2012 ratione
1226 1945 1281 2010 ob·

121 2042 227 2108 tineat
248 2042 352 2110 locum
375 2063 433 2110 nec
455 2046 627 2126 quidquam
642 2045 868 2111 intermedium
884 2045 1072 2110 admittatur
1092 2043 1282 2123 ettertium,

125 2139 212 2218 quod
235 2139 367 2220 dicitur,
395 2141 598 2221 excludatur,
622 2147 679 2208 aut
701 2141 873 2208 disiunctio
896 2159 960 2206 non
982 2141 1078 2221 plena
1100 2146 1151 2206 est
1172 2144 1205 2206 et
1227 2159 1282 2206 ne·

122 2238 279 2304 cessitate
303 2241 500 2320 supersita,
523 2246 645 2306 utnon
669 2258 773 2320 aequa
786 2240 869 2304 ratio
892 2239 977 2304 inter
993 2243 1173 2318 utrumque,
1197 2237 1283 2320 quod

123 2333 359 2417 distinguatur,
382 2336 576 2416 intercedat,
605 2339 660 2405 sed
683 2336 820 2404 alterum
847 2337 880 2402 in
909 2335 1044 2402 alterius
1073 2335 1177 2400 locum
1209 2335 1284 2402 sub·

124 2433 283 2498 stituatur
305 2439 340 2498 et
365 2434 499 2501 arbitrio
526 2433 597 2500 fieri
631 2435 778 2502 videatur
810 2434 1028 2516 compositio„
1062 2432 1169 2498 Latini
1196 2433 1283 2498 illam

123 2530 350 2600 necessitatem
373 2532 555 2613 exprimunt
568 2534 728 2614 particula
742 2534 774 2598 in
790 2538 928 2614 utraque
943 2536 1036 2613 parte
1052 2531 1158 2612 posita
1173 2536 1228 2591 cat
1241 2563 1284 2576 -

123 2635 195 2699 oct,
225 2633 271 2692 oei
295 2661 337 2674 -
366 2631 421 2695 aa.
465 2629 504 2696 In
532 2631 745 2698 disiunctione
771 2632 869 2697 rebus
894 2628 1081 2696 inhaerente
1108 2630 1284 2694 necessitas

123 2731 276 2807 apparet,
299 2745 397 2808 quum
419 2727 522 2795 altero
544 2730 649 2812 posito
677 2729 815 2794 alterum
846 2727 992 2806 tollatur,
1021 2727 1124 2792 altero
1156 2727 1283 2794 sublato

124 2825 265 2888 alterum
288 2825 438 2890 obtineat.
482 2826 662 2894 Disiuuctio
684 2826 879 2911 cogitatione
900 2824 987 2890 iacta
1002 2841 1071 2890 eam
1088 2824 1121 2888 in
1135 2842 1170 2888 se
1186 2823 1286 2892 habet

124 2923 365 3002 necessitatem,
388 2939 452 3002 qua
474 2923 652 2989 absolvitur
674 2922 843 3003 cogitatio,
867 2927 903 2986 ut
925 2921 955 2986 ei
978 2920 1055 2986 nihil
1074 2921 1211 3001 amplius
1226 2921 1286 2988 bac

126 3019 256 3100 quidem
280 3020 312 3084 in
334 3024 428 3102 parte
444 3020 518 3087 addi
540 3021 643 3102 possit
658 3025 691 3085 at
705 3020 807 3085 altero
823 3018 943 3086 reiecto
960 3017 1098 3083 alterum
1114 3021 1283 3099 cogitetur.

126 3116 166 3182 In
189 3121 327 3197 utraque
350 3117 561 3184 disiunctione
584 3117 765 3183 necessaria
791 3117 865 3197 plus
888 3133 951 3182 uno
979 3133 1091 3182 verum
1122 3133 1191 3180 esse
1221 3134 1285 3180 non

128 3218 238 3298 potest
259 3219 294 3279 et
315 3219 417 3280 totum
438 3233 476 3280 ac
499 3218 627 3296 plenum
651 3218 715 3290 est,
745 3215 830 3294 quod
857 3213 1106 3295 complectimur.
1155 3214 1192 3278 In
1221 3214 1285 3278 dis-

126 3312 291 3378 iunctione
316 3331 379 3378 non
401 3314 595 3394 necessaria,
619 3331 714 3394 quam
737 3311 939 3378 arbitrariam
964 3327 1078 3374 vocare
1104 3327 1284 3390 possumus,

123 3410 197 3475 sive
218 3426 255 3472 re
279 3409 346 3476 sive
369 3411 497 3477 notione
521 3411 696 3477 constituta
717 3413 827 3491 partes
842 3409 936 3474 unius
952 3407 1079 3489 generis
1095 3425 1134 3472 ex
1149 3408 1285 3474 aduerso

126 3511 308 3590 ponuntur,
337 3524 472 3588 quarum
503 3527 567 3574 una
595 3509 621 3573 si
648 3507 755 3572 locum
783 3505 923 3586 obtinet,
957 3507 1091 3572 alteram
1121 3523 1186 3570 non
1215 3523 1285 3572 esse

128 3605 366 3687 praedicamus,
389 3622 582 3686 quamquam
604 3602 674 3670 fiori
696 3608 818 3685 potest,
846 3608 881 3667 nt
904 3611 1039 3683 utraque
1067 3602 1199 3668 tollatur
1228 3607 1285 3670 aut

124 3701 218 3768 abuti
245 3702 322 3784 quid
350 3701 581 3768 substituatur:
613 3719 676 3766 non
708 3699 876 3766 absolutus
909 3709 959 3764 est
993 3701 1038 3762 rei
1063 3700 1113 3764 val
1146 3701 1285 3768 notionis

121 3800 279 3867 ambitus.
335 3797 445 3881 Logici
479 3800 589 3866 dicunt
622 3805 734 3880 portas
756 3815 826 3863 esse
850 3798 1041 3877 contrarias,
1070 3816 1132 3862 non
1160 3804 1286 3864 coutra-

130 3897 292 3963 dictorias.
337 3897 443 3979 Igitur
465 3896 497 3961 hi
524 3896 610 3961 modi
632 3896 788 3961 relatione
815 3893 980 3960 differunt:
1012 3895 1043 3958 iu
1074 3895 1174 3961 altero
1201 3896 1284 3960 euim

127 4001 241 4076 partes
262 3993 448 4060 referuntur
471 3995 512 4060 ad
535 3996 655 4071 totum,
684 3994 717 4059 in
748 3992 850 4058 altero
879 3977 989 4071 partes
1016 3991 1156 4058 intense
1180 3991 1287 4056 confe-

124 4099 256 4157 runtur.
301 4091 383 4155 Nam
406 4109 504 4172 quum
526 4092 597 4156 dico
620 4091 718 4154 mooli
739 4095 794 4151 oct
815 4107 926 4165 magno
942 4107 1028 4163 pars,
1050 4095 1185 4170 utraque
1197 4089 1286 4156 notio

185 4191 268 4238 noune.
283 4192 393 4242 syntaxis.
415 4192 444 4232 ιι.
1038 4195 1077 4255 23
