3090 4768
471 197 509 236 DE
525 195 655 236 coeletia
670 196 766 236 vulcat.
781 213 805 224 -·
819 195 955 236 aeutvum.
1244 208 1281 270 15

135 388 358 461 morigerosnes.
404 385 465 452 Sed
494 385 597 451 Plaul.
624 383 714 467 Capi.
741 381 785 464 ΙΙ,
816 391 843 464 l,
869 391 889 450 4
913 391 974 450 est:
1018 389 1079 449 Vos
1106 391 1283 464 666616666νὶ

135 487 163 544 61
185 502 249 544 mos
282 485 401 547 bonust.
452 482 563 548 Naevii
590 482 755 548 Proiectus
781 481 818 546 ir.
848 487 880 546 2:
912 486 982 560 qnid
1009 487 1128 548 moros?
1177 485 1282 580 Plaut.

135 579 250 652 Bacch.
285 579 312 654 1,
345 585 374 658 2,
407 587 449 646 45
483 601 575 644 moro.
626 580 691 646 Mil.
727 579 785 658 ΙΙΙ,
823 587 849 654 l,
887 585 944 645 121
980 585 1139 647 nutricant.
1189 582 1283 648 Ennii

25 729 27 754 ,
135 679 299 744 Eumenid.
333 677 371 744 ir.
401 684 414 742 1
451 697 501 758 ap.
531 678 611 744 Non.
638 695 669 758 p.
700 683 773 758 475,
802 683 834 744 3:
877 681 924 740 Ita
957 697 1063 755 sapere
1097 683 1183 757 opino
1216 700 1281 745 esse

137 784 296 853 optumum.
341 776 443 840 Plaut.
464 774 577 841 Bacch.
593 794 621 839 v.
639 781 694 840 24:
717 779 941 839 Praenestinam
964 780 1050 852 opino
1072 796 1150 842 esse.
1195 777 1282 844 Pers.

136 873 196 952 111,
223 879 249 951 1,
275 879 313 938 12
337 876 436 952 opino,
459 874 536 940 item
559 874 639 938 Rud.
663 873 769 952 tuse,
786 882 816 938 4.
861 871 1079 972 0666118666.
1103 876 1220 940 Aeolus
1244 874 1282 940 ir.

138 977 167 1034 7.
211 972 305 1053 Apud
331 972 478 1038 Plautum
505 972 538 1036 in
560 972 640 1036 Rud.
664 971 718 1049 tv,
743 977 771 1050 3,
796 975 836 1036 60
863 971 1046 1036 restitutum
1075 977 1124 1037 est
1153 977 1284 1049 opinoa

25 1093 26 1132 t
137 1068 356 1150 Kampmenno
385 1070 426 1134 de
448 1074 500 1133 AB
522 1088 630 1150 praep.
655 1087 683 1150 p.
709 1075 747 1132 26
772 1087 829 1150 pro
861 1068 991 1150 vulgato
1013 1073 1126 1147 opinor.
1172 1075 1284 1150 opinor

25 1193 26 1216 t
137 1169 242 1230 eutem
267 1171 317 1232 666
338 1167 451 1248 Amph.
475 1168 516 1246 ΙΙ,
543 1173 571 1248 l,
595 1173 643 1232 24.
689 1167 787 1232 11666.
811 1166 882 1232 bell.
906 1167 984 1232 Pun.
1007 1166 1028 1231 Ι.
1045 1167 1107 1232 VII
1128 1187 1178 1249 ap.
1202 1168 1282 1234 Non.

137 1281 165 1344 p.
192 1270 266 1342 474,
298 1269 349 1329 16:
393 1268 429 1328 Id
455 1286 570 1343 quoque
594 1268 755 1341 pecierunt.
784 1264 824 1330 ib.
854 1268 990 1342 paciscit.
1036 1265 1140 1331 Plaut.
1170 1266 1283 1332 Bacch.

137 1379 163 1424 6.
181 1365 254 1442 866,
270 1367 343 1443 870,
359 1368 418 1428 871
435 1368 565 1442 pacisce.
609 1363 707 1428 Naeu.
723 1361 886 1428 Proiectus
906 1361 944 1428 fr.
964 1368 995 1427 1:
1019 1369 1146 1441 populus
1161 1369 1283 1444 patitur,

136 1466 168 1521 66
195 1463 298 1535 pactas
333 1460 518 1537 (Diomedes
551 1460 576 1540 1,
609 1477 639 1541 p‘.
675 1465 736 1527 395
770 1457 818 1524 P.:
852 1460 929 1525 item
962 1465 1045 1538 patio
1080 1460 1220 1527 Naevius
1253 1463 1285 1527 in

135 1556 305 1634 Proiecto).
347 1558 449 1624 Plaut.
475 1558 585 1639 Amph.
610 1558 634 1637 Ι,
661 1566 686 1635 l,
711 1560 751 1622 23
773 1562 889 1635 petivit.
935 1558 1015 1624 Eun.
1039 1558 1170 1624 Achillis
1192 1557 1229 1624 ir.
1254 1565 1282 1637 9,

137 1677 165 1721 6.
189 1660 229 1720 26
252 1661 412 1734 praeliant.
457 1657 560 1722 Plaut.
584 1657 649 1723 Mil.
672 1656 726 1735 IV,
743 1661 771 1725 8,
791 1662 841 1722 te:
875 1677 1010 1734 opsecro,
1043 1662 1116 1720 11666
1137 1661 1287 1737 conplecti

137 1757 220 1832 prius
243 1775 330 1832 quem
340 1757 516 1830 6666616661
560 1755 653 1820 Ennii
670 1753 877 1833 Cresphoutis
896 1752 934 1819 ir.
954 1761 983 1820 l:
1007 1760 1088 1818 inter
1103 1775 1134 1818 se
1149 1758 1284 1818 sortium.

138 1850 240 1916 Plaut
277 1851 348 1918 (166.
381 1851 418 1930 ΙΙ,
450 1856 478 1933 6,
505 1859 561 1918 43:
596 1863 659 1916 tute
692 1855 773 1916 sorti.
817 1852 882 1918 Mil.
911 1851 954 1931 11,
983 1857 1012 1932 2,
1045 1858 1082 1916 17
1113 1858 1284 1917 tumultuas.

139 1947 231 2013 Ennii
254 1949 419 2016 Eumenid.
439 1948 478 2014 fr.
492 1956 528 2016 ¹3:
552 1955 618 2014 Nisi
639 1961 757 2028 patrem
779 1961 914 2014 materno
938 1955 1080 2029 sanguine
1103 1953 1286 2014 exanclando

142 2049 316 2111 6166666666.
361 2045 439 2112 Cato
463 2047 500 2112 R.
517 2048 555 2114 R.
579 2067 604 2113 c.
628 2051 668 2113 96
692 2055 725 2112 66
752 2053 809 2112 107
834 2053 867 2114 66
893 2053 952 2114 123
975 2054 1061 2112 66166.
1105 2047 1286 2114 Ρ1666.Μ11.

140 2143 180 2224 ll,
202 2150 230 2222 5,
257 2150 296 2209 14
319 2165 416 2223 vagas.
461 2145 574 2211 Bacch.
598 2164 627 2210 V.
654 2150 713 2212 173
737 2166 845 2210 venero
866 2173 910 2202 ε
932 2164 1073 2212 veneror.

223 2243 368 2322 Denique
390 2243 504 2322 loquer
526 2246 565 2309 de
587 2244 692 2310 verbis
707 2246 952 2320 impersonalibus
967 2246 1090 2310 activae
1106 2244 1225 2310 formae
1247 2250 1286 2317 (6.

25 2403 26 2410 ,
144 2337 174 2402 16
210 2341 393 2406 universum
430 2342 469 2406 de
506 2342 556 2406 his
595 2341 775 2406 llichelsen.
813 2342 853 2406 de
889 2340 1014 2408 casibus
1050 2361 1079 2421 p.
1118 2347 1158 2406 68
1196 2345 1286 2422 6661.

25 2503 26 2520 ,
145 2435 282 2514 Quorum
311 2439 383 2518 duo,
411 2441 549 2502 miserae
577 2439 661 2519 apud
685 2439 820 2504 Ennium
851 2446 883 2504 et
899 2441 1012 2514 podere
1033 2440 1117 2519 apud
1139 2439 1286 2506 Plautum

146 2543 175 2597 et
189 2535 372 2600 Terentium
396 2555 619 2617 nonnunquam
642 2555 717 2601 vere
740 2543 814 2602 sunt
835 2537 1023 2618 personalia.
1068 2537 1161 2602 Ennii
1184 2537 1286 2602 66661.

145 2651 170 2695 6.
196 2639 254 2698 115
279 2634 442 2709 (Priscian.
466 2634 554 2715 VIII,
577 2653 606 2716 p.
630 2639 692 2700 824
716 2634 776 2707 P.):
806 2639 951 2713 cogebant
979 2640 1072 2698 hostis
1095 2641 1287 2698 lacrimantes

145 2741 175 2792 nt
195 2736 382 2795 6166666666.
427 2733 522 2796 Ennii
544 2737 625 2813 trag.
645 2735 757 2813 fragm.
776 2734 893 2798 Hecub.
913 2740 931 2798 6
955 2741 1051 2806 (εν.
1069 2732 1288 2805 2321616166.)

145 2845 191 2908 ap.
206 2829 288 2894 Non.
304 2848 335 2909 p.
353 2837 424 2906 474,
442 2836 495 2895 30:
517 2833 650 2893 6666666666
664 2835 756 2894 anuis.
788 2830 890 2896 eleut.
908 2829 977 2896 Cas.
994 2830 1030 2910 V,
1048 2835 1077 2910 2,
1094 2836 1126 2896 3:
1150 2835 1195 2892 166
1210 2851 1288 2892 6666

141 2930 234 3002 uedeo
250 2939 339 3006 atque
358 2933 400 2990 ita
416 2948 493 2990 nunc
509 2948 611 3004 paveo.
657 2928 707 2993 Sic
727 2928 839 2992 scribit
853 2928 950 2992 etiam
965 2928 1189 2994 Fleckeisenus
1205 2928 1289 3008 apud

146 3023 328 3090 Terentium
339 3026 434 3090 Andr.
443 3025 499 3103 IV,
510 3033 536 3103 1,
548 3025 599 3090 1“3;
621 3031 661 3088 at
676 3038 773 3088 temen
791 3029 849 3088 ‘nbi
860 3027 963 3090 fidesi'
980 3032 1004 3088 61
1019 3028 1292 3102 rependissent

147 3125 201 3199 hic,
229 3127 287 3187 Ubi
317 3133 417 3201 opust:
454 3126 517 3186 illie
541 3127 591 3186 ubl
613 3128 654 3186 nil
677 3131 774 3201 opust,
803 3126 844 3185 ibi
866 3133 1015 3189 verentur.
1059 3122 1155 3186 Aliud
1181 3131 1241 3202 666,
1263 3125 1291 3190 si

147 3221 242 3287 verba
263 3222 318 3287 illa
340 3220 489 3289 affectum
510 3220 717 3302 exprimentia
726 3223 829 3300 podet,
841 3223 931 3297 pipat,
940 3223 1073 3298 poenitet
1086 3239 1148 3284 non
1163 3221 1290 3302 quidem

146 3317 182 3382 de
198 3337 337 3400 persona
351 3321 421 3401 ipsa
435 3320 593 3398 dicuntur,
609 3335 690 3398 quae
706 3316 823 3384 ellectu
836 3319 891 3384 illo
907 3319 1057 3400 tangitur,
1074 3318 1129 3384 sed
1146 3319 1290 3385 16666616

148 3433 282 3496 persone
304 3419 409 3498 posita
430 3416 550 3482 habent
565 3421 671 3480 666666
687 3416 866 3482 subiectum
881 3415 1019 3498 aliquod,
1042 3417 1127 3498 qttod
1141 3413 1291 3483 effectum

147 3512 233 3578 illum
267 3519 402 3594 moveat,
436 3515 475 3581 de
507 3533 569 3594 quo
603 3514 734 3582 uberius
766 3515 799 3580 in
831 3515 1023 3582 nominativo
1050 3515 1292 3596 disputavimus,

148 3611 198 3676 Sic
227 3612 346 3678 dictum
375 3616 424 3678 est
452 3612 555 3676 Plaut.
584 3611 680 3678 Stich.
714 3613 740 3693 Ι,
775 3621 800 3694 l,
832 3620 886 3680 st:
931 3617 972 3678 Et
1000 3633 1046 3676 me
1073 3615 1191 3690 quidem
1221 3615 1292 3676 boec

148 3711 271 3772 conditio
301 3731 379 3774 6666
406 3730 463 3774 666
486 3713 625 3785 poenitet.
677 3709 792 3778 Pseud.
823 3711 847 3789 1,
877 3717 907 3792 3,
931 3717 987 3775 47:
1031 3715 1128 3773 Nimio
1158 3713 1188 3772 id
1216 3711 1293 3786 quea

146 3811 236 3882 66666
255 3811 374 3872 facilins
398 3809 493 3870 fertur
516 3829 601 3886 qnam
624 3813 691 3872 illut
713 3811 896 3886 66666166.
940 3807 1068 3874 Terent.
1088 3807 1219 3888 Adelph.
1236 3808 1292 3886 IV,

152 3910 179 3984 7,
206 3910 261 3972 36:
311 3911 377 3970 Non
412 3917 441 3971 66
475 3910 546 3968 boec
573 3907 706 3982 pudenti
755 3907 797 3972 Et
826 3908 871 3972 616
905 3907 1024 3972 dictum
1054 3912 1104 3972 est
1131 3925 1151 3970 a
1178 3904 1292 3970 Plauto

151 3999 260 4068 Pseud.
288 4002 344 4082 IV,
378 4011 404 4084 1,
433 4008 486 4070 24:
517 4011 639 4068 6666166
666 4008 714 4068 hic
744 4008 838 4067 satine
865 4024 915 4077 mex
940 4006 1092 4068 6666166661
1140 3999 1294 4079 Exempla

154 4117 227 4166 6666
248 4100 469 4184 impersonalis
490 4101 570 4167 haec
592 4105 694 4170 sunto.
740 4099 924 4166 06661611.
941 4106 1041 4166 ebt:
1065 4103 1123 4164 Ubi
1138 4100 1292 4162 sementim

155 4203 326 4278 patraveris,
356 4201 492 4279 glandem
521 4204 620 4277 pareri
644 4203 759 4276 legique
782 4204 900 4276 oportet.
945 4185 1075 4264 Terent}
1096 4197 1211 4260 Heaut.
1233 4191 1292 4272 111,
