3048 4770
248 177 313 240 268
538 174 601 217 Css’.
615 175 662 216 XV.
688 173 837 214 Docnltlrlu
864 173 1114 214 unuuclnnloltuu.

247 365 344 426 volum
369 365 467 424 Meum
491 366 684 443 Stalagmum,
707 383 803 426 meum
827 367 876 442 qul
902 373 1021 442 gnatum
1045 364 1222 441 subrupnit?
1267 361 1358 426 Pers,
1380 358 1407 440 I,

251 463 278 536 1,
303 464 360 523 26:
393 463 470 536 Quid
494 481 549 540 ego
570 463 703 527 faciam?
731 465 834 524 deicae
855 465 997 528 odrorser
1019 466 1105 540 quasi
1127 462 1250 524 Titani?
1274 479 1339 521 cnm
1364 461 1407 520 eiu

247 560 433 637 belligerem,
458 563 570 635 Quibus
595 569 642 623 sat
662 573 730 624 e'sse
753 579 811 622 non
834 561 962 638 queam?
1007 559 1062 632 IV,
1085 565 1121 636 3,
1146 566 1181 624 5:
1205 559 1318 621 Samae
1337 577 1407 634 pro·
1503 571 1504 578 ¹

247 657 314 734 bns,
336 673 404 717 sam
427 661 543 734 lepidus
566 662 648 738 ciris,
673 663 722 737 qui
745 663 819 723 cett
844 659 931 723 Triu.
956 658 989 735 Ι,
1013 665 1050 738 2,
1073 663 1115 723 99
1139 659 1408 739 sq.:·lnconcilia·

249 757 328 816 eticae
349 774 413 816 enm
438 759 488 834 qni
510 759 682 819 mandatust
703 759 780 822 tibi?
824 761 880 822 Ille
904 761 953 836 qui
975 753 1132 820 mandavit
1149 777 1215 819 eum
1239 757 1408 819 exturbari·

250 857 290 914 sti
313 855 462 918 aedibus?
505 853 634 920 Terent.
657 855 784 922 Phorm.
808 855 858 932 ΙΙ,
882 859 910 933 2,
935 861 963 920 2.

335 966 367 1032 p.
411 951 537 1034 Duplex
558 973 612 1034 ae,
635 954 720 1034 quod
743 954 894 1036 explicuit
921 953 1067 1018 Haudius
1090 953 1149 1030 lv,
1173 971 1203 1034 p.
1227 957 1285 1028 86,
1310 951 1411 1033 qnod·

249 1063 311 1127 que
330 1067 392 1114 uon
416 1047 515 1115 elficit
536 1050 821 1132 interrogationem
837 1053 1058 1133 disunctivam,
1083 1052 1247 1117 invenitur
1268 1069 1319 1132 ap.
1336 1049 1412 1113 Ter.

248 1145 326 1213 Hec.
350 1147 406 1228 IV,
429 1155 460 1228 l,
482 1153 540 1214 42:
563 1153 685 1215 Vosmet
708 1155 806 1215 ridete
828 1155 888 1214 iam
909 1185 951 1197 --
971 1155 1129 1215 Remissaa
1151 1171 1225 1230 opus
1256 1153 1296 1212 sit
1327 1151 1411 1210 vobis

248 1250 417 1309 redductan
450 1249 576 1312 domum.
629 1247 693 1314 Pro
726 1249 844 1332 duplici
875 1270 915 1312 ac
940 1250 1103 1315 invenitur
1135 1248 1231 1314 etiam
1262 1246 1410 1327 simplex,

249 1343 345 1410 alteri
367 1343 488 1408 nomini
510 1346 701 1426 appositum,
725 1351 872 1430 quaeest
887 1349 994 1415 soluta
1015 1347 1119 1415 forma
1141 1348 1174 1411 in
1195 1344 1326 1426 vulgari
1346 1343 1412 1408 col·

250 1443 403 1525 loquendi
425 1459 500 1523 usu,
529 1449 565 1508 nt
587 1445 666 1509 dicit
688 1445 833 1512 Handius
862 1463 892 1526 p.
915 1451 967 1510 87.
1013 1446 1066 1512 Sic
1088 1445 1182 1510 Ennii
1212 1435 1319 1507 annal.
1342 1441 1363 1505 Ι
1389 1441 1412 1512 Ι,

248 1561 279 1624 p.
304 1547 360 1622 57,
383 1560 411 1606 v.
434 1546 491 1606 85¹:
525 1544 691 1606 Certabant
724 1549 827 1607 urbem
860 1546 990 1606 Romam
1022 1548 1222 1607 Remoramne
1254 1550 1410 1604 vocarent.

249 1640 355 1704 Plaut.
377 1640 493 1706 Pseud.
517 1641 554 1715 V,
579 1647 609 1720 2,
633 1648 669 1705 3:
693 1645 797 1719 Cogito
819 1647 947 1705 sueones·
969 1645 1154 1705 thadim
1177 1645 1335 1718 adloquar.

337 1757 368 1820 q.
413 1738 450 1802 In
472 1738 521 1802 his
549 1737 694 1804 omnibus
725 1740 878 1821 exemplis
906 1759 945 1802 ae
971 1739 1128 1805 adnexum
1157 1739 1295 1804 vidimus
1319 1755 1413 1828 voca·

211 1899 215 1906 .
249 1836 325 1904 bulo
348 1837 394 1918 ei,
424 1837 510 1917 quod
532 1837 634 1917 ipsam
655 1837 937 1920 interrogationem
962 1838 1079 1904 lormat
1100 1835 1249 1918 quodque
1273 1835 1414 1917 plerum·

251 1951 314 2016 que
336 1935 439 2017 primo
462 1934 531 1999 loco
555 1935 691 2015 ponitur.
724 1936 787 2000 Sed
802 1941 910 2017 potest
926 1927 1021 2001 etiam
1037 1957 1074 1998 ae
1088 1935 1303 2010 dubitativum
1320 1949 1413 2014 prae·

250 2033 344 2112 mitti,
371 2035 398 2098 si
421 2031 515 2098 simul
537 2033 667 2098 verendi
690 2033 879 2115 significatio
902 2036 994 2100 inest.
1026 2035 1078 2100 Sic
1100 2035 1204 2100 Plaut.
1232 2033 1302 2098 Aul.
1329 2031 1408 2113 prol.
1503 2035 1504 2038 ’

250 2152 281 2197 v.
305 2135 360 2197 39:
394 2135 509 2209 Credo,
543 2152 646 2195 aarum
674 2137 824 2211 inspicere
848 2139 926 2210 voit,
960 2153 998 2196 ce
1020 2137 1193 2212 subreptum
1223 2137 1297 2212 siet,
1332 2131 1362 2194 h.
1387 2149 1413 2196 e.

251 2229 656 2312 surreptumne.capt.1‚
681 2235 716 2310 2,
742 2235 798 2296 18:

422 2335 489 2408 Ego
510 2334 560 2392 ibo
582 2331 624 2392 acl
645 2332 769 2392 fratrem
791 2333 829 2393 ad
850 2335 926 2393 alios
950 2337 1084 2410 captivos
1107 2349 1208 2392 meos:

419 2433 519 2491 Visam
542 2447 580 2490 ae
603 2437 690 2490 nocte
714 2433 772 2491 hec
794 2433 925 2508 quipiam
948 2433 1143 2495 turbaverint.

251 2523 346 2590 Most.
370 2525 583 2598 111‚2,·1cn:
608 2529 739 2604 videam,
761 2545 799 2589 ae
821 2532 913 2607 canis,
937 2545 980 2592 sc.
1004 2525 1097 2593 elisit.

339 2628 387 2688 19.
431 2625 481 2688 De
509 2621 742 2705 significatione
769 2625 946 2706 particulae
980 2645 1077 2688 nonae
1105 2645 1134 2690 v.
1163 2623 1325 2688 Handium
1358 2623 1412 2702 IV,

250 2738 282 2802 p.
307 2726 379 2786 eto.
409 2721 545 2786 Ponitur
569 2727 692 2802 autem,
725 2724 753 2788 sl
782 2721 943 2788 affirmans
970 2729 1176 2806 exspectatur
1209 2737 1412 2804 responsum.

250 2817 357 2884 Plaut.
380 2818 494 2901 Amph.
518 2820 543 2894 I,
569 2825 596 2900 l,
625 2825 670 2884 ll.
694 2825 765 2886 248.
790 2827 860 2887 249.
884 2829 913 2900 3,
936 2829 987 2888 41.
1012 2822 1163 2902 Mero-V,
1180 2827 1211 2898 2,
1234 2827 1293 2909 37:
1314 2837 1414 2882 nonae

251 2936 289 2979 ex
322 2920 448 2982 advorso
478 2923 561 2983 vides
584 2920 653 2984 -l
697 2917 792 2984 Poen.
817 2921 852 3000 Ι,
876 2925 913 2998 2,
935 2925 993 2985 46:
1028 2927 1086 2983 iam
1114 2939 1211 2982 nonae
1240 2940 1288 2982 me
1323 2924 1413 2982 decet

251 3019 327 3080 cado
350 3021 537 3082 dementini
560 3018 692 3082 ueteris?
715 3015 775 3099 (sic
791 3019 901 3084 Herm.
925 3021 1015 3085 elem.
1039 3019 1068 3084 d.
1090 3035 1131 3084 tn.
1156 3035 1186 3100 p.
1200 3017 1286 3100 297).
1316 3018 1411 3082 Trnc

249 3113 292 3194 ΙΙ,
316 3121 346 3196 2,
370 3124 407 3182 2:
430 3137 528 3180 noem
550 3139 605 3196 ego
628 3117 736 3180 video?
781 3115 907 3182 Terent.
933 3117 1030 3183 Andr.
1055 3117 1079 3196 I,
1105 3123 1134 3197 5,
1156 3123 1186 3182 4.
1210 3115 1292 3182 Eun.
1317 3115 1362 3197 Π,
1386 3124 1419 3183 3,

249 3223 302 3282 43.
325 3215 381 3296 IV,
406 3221 437 3296 5,
462 3223 510 3281 10.
534 3216 660 3280 Phorm.
684 3215 722 3290 V,
747 3219 775 3294 2,
800 3221 833 3280 3:
856 3235 953 3278 conae
974 3221 1004 3279 id
1028 3227 1179 3293 saturat,
1204 3219 1353 3292 Accipere
1376 3218 1413 3275 eb

251 3318 305 3377 illo
331 3315 494 3380 iniuriam?
517 3317 617 3382 *Hec
646 3313 703 3386 IV,
730 3319 762 3390 1,
786 3319 836 3378 37.
884 3313 916 3380 Si
951 3316 1096 3396 procedit
1128 3314 1349 3393 iuterrogatio
1371 3311 1414 3375 cd

250 3411 614 3496 alius‘interrogationis
635 3416 756 3494 partes,
779 3411 812 3476 in
834 3411 885 3476 his
905 3413 1036 3493 ponitur
1057 3431 1127 3477 aaa.
1162 3411 1267 3486 Plaut.
1294 3410 1411 3492 Amph.

250 3509 585 3690 I'lllo’rgaewegsolnunc
614 3597 661 3674 sto
684 3621 754 3672 ante
782 3613 866 3674 aedis
888 3611 1028 3675 nostras?
1064 3629 1127 3672 noa
1155 3613 1226 3673 mist
1248 3613 1371 3673 letenna

910 3713 916 3726 '
1057 3710 1072 3769 2

268 3804 271 3864 ζ
293 3792 517 3886 Noaloouor?
536 3825 599 3872 aon
619 3809 730 3887 vigilo?
751 3827 812 3870 aon
834 3811 883 3870 hic
907 3729 1061 3870 aalma
1077 3811 1184 3884 pugnis
1200 3808 1359 3872 contudit?

340 3911 389 3972 20.
434 3909 484 3972 De
512 3927 585 3971 oum
614 3905 792 3988 particulae
825 3903 1057 3988 significatione
1091 3907 1239 3986 exposuit
1265 3903 1414 3981 Hancine
1503 3927 1504 3930 ¹

250 4005 306 4085 lv,
329 4024 359 4087 p.
389 4010 451 4071 315
482 4021 565 4084 squ,
606 4021 742 4085 quorum
779 4021 905 4069 summa
945 4005 1025 4069 haec
1059 4009 1120 4068 est·
1173 4003 1316 4068 Primum
1350 4021 1413 4067 uon

253 4107 381 4170 omnino
404 4121 514 4170 verum
538 4110 590 4168 est
611 4105 695 4184 tholl
711 4103 809 4185 vulgo
833 4101 1073 4184 praescribitur,
1094 4121 1168 4164 nam
1182 4119 1245 4166 uon
1261 4103 1336 4182 poni
1351 4103 1413 4166 nisi

249 4204 509 4286 respondendum
540 4205 584 4268 sit
607 4201 762 4282 negando.
807 4203 905 4284 Apud
930 4203 1116 4268 Terentium
1150 4201 1249 4276 enim,
1285 4206 1320 4265 ot
1353 4200 1413 4264 hoc
