3048 4770
505 109 613 150 ENUNO.
634 109 900 152 mrmbuosrrrvnn.
1217 118 1279 180 237

122 305 172 364 dic
200 304 282 365 mihi.
328 308 356 380 b,
381 305 438 366 27:
464 304 540 376 Quid
564 304 618 364 tibi
641 305 772 378 negotist
794 309 892 362 eutem
916 317 981 360 cum
1005 299 1105 362 istnc?
1128 300 1175 363 dic
1197 301 1280 360 mihi.

121 394 212 466 Pers
235 398 287 478 ΙΙ,
311 404 344 478 3,
369 404 423 466 33:
456 419 528 476 ergo
556 402 612 462 boc
635 403 675 460 mi
698 401 820 476 expedi,
852 400 917 473 Quo
944 399 1007 474 agis
1031 398 1081 457 te?
1118 395 1200 462 Rue.
1225 394 1281 474 IV,

123 505 162 577 3,
187 502 246 562 63:
274 499 349 561 Vide
373 502 428 568 sis,
458 500 563 574 quoius
590 499 738 560 arbitratu
760 515 817 558 non
842 499 885 558 vis
909 495 1029 558 iacere?
1072 501 1102 573 4,
1127 497 1180 560 32:
1212 497 1283 571 quid

121 615 202 660 nuuc
225 605 257 657 tu
280 597 349 658 vis?
372 598 420 658 dio
442 598 526 659 milri.
572 593 610 668 V,
643 599 675 671 3,
699 599 756 658 49:
780 597 838 656 Dic
861 597 950 670 mibi,
978 596 1082 669 quanti
1110 592 1169 670 [tn]
1200 596 1282 654 illem

122 697 224 768 emisti
257 703 339 756 tuam
377 697 503 756 alteram
537 696 743 756 mulierculam
774 691 997 769 Ampeliscam?
1048 689 1133 756 Tria.
1161 709 1191 756 v.
1222 695 1282 754 174

123 787 233 870 (=1,
258 794 286 869 2,
314 795 406 868 leil:
437 795 515 866 Quid
545 791 601 852 fuit
624 792 754 853 officium
782 809 878 854 meum
901 810 947 854 ma
970 790 1093 852 iacere?
1116 790 1164 852 iac
1181 791 1282 852 sciam.

122 888 210 955 Trin.
233 907 261 953 v.
285 893 364 954 893:
388 893 556 967 Eloquere,
583 893 633 952 isti
663 891 734 965 qnid
757 892 890 952 homines
914 891 1023 950 debent
1044 905 1118 964 quos
1137 893 1170 948 tu
1193 906 1283 962 quae·

122 985 219 1050 ritas?
264 985 980 1067 Troe.11,a,12:sescentesimum?
1023 991 1053 1056 4,
1080 989 1134 1048 17:
1160 986 1212 1046 sed
1236 987 1283 1046 dic

123 1086 212 1160 mibi,
237 1088 357 1149 Benene
380 1086 588 1148 ambulavisti?
627 1090 655 1162 7,
681 1089 737 1148 32:
765 1087 831 1160 Dic,
855 1087 960 1146 amabo
983 1086 1048 1158 ted,
1071 1086 1151 1144 ubist
1174 1085 1285 1144 Dinar-

124 1183 222 1242 chus?
238 1188 327 1246 v.44:
341 1186 494 1260 Loquere:
514 1186 592 1246 unde
604 1184 659 1244 es?
672 1187 775 1260 quoius
790 1183 846 1246 es?
862 1201 914 1244 cur
924 1181 1026 1243 ‘ausu's
1039 1185 1078 1242 mi
1089 1184 1285 1244 inclementer

124 1281 246 1340 diceret
270 1279 328 1355 (sic
343 1279 447 1354 Both,
468 1279 665 1346 Fleckeisen.
692 1287 797 1344 eutem
822 1297 924 1345 exerc.
947 1279 1052 1344 Plaut.
1077 1297 1106 1358 p.
1133 1283 1168 1344 19
1193 1285 1285 1357 putet

124 1373 211 1441 hunc
234 1395 362 1442 versum
388 1396 460 1445 csse
484 1377 602 1444 debere
630 1376 732 1442 trocb.
764 1375 989 1456 octonarium).
1035 1377 1163 1441 Terent.
1187 1375 1283 1440 Andr.

123 1473 168 1552 H,
195 1480 223 1554 l,
248 1480 305 1541 25:
329 1480 377 1538 dic
400 1480 491 1540 mibi:
513 1480 661 1553 Numquid
686 1495 752 1535 narn
775 1480 902 1552 amplius
919 1478 974 1536 tibi
995 1495 1061 1539 cum
1077 1479 1130 1536 illa
1152 1476 1208 1536 init
1223 1475 1286 1536 —l

125 1576 156 1651 6,
183 1576 236 1636 18:
265 1578 336 1651 quin
366 1578 431 1652 dic,
455 1578 525 1652 quid
551 1576 617 1636 est?
659 1571 716 1652 IV,
739 1581 776 1649 4,
803 1577 857 1636 24:
887 1575 980 1647 Cedo,
1012 1576 1131 1652 quoium
1159 1593 1286 1648 puerum

126 1674 176 1732 hic
200 1674 369 1747 adposisti?
396 1676 444 1734 dic
474 1676 555 1736 mibi.
593 1671 675 1750 Eun.
697 1670 728 1749 I,
753 1677 786 1746 2,
811 1675 851 1734 20
875 1688 938 1750 sq:
961 1675 1019 1734 Dic
1042 1674 1114 1734 mibi
1138 1676 1202 1734 Hoc
1225 1675 1287 1747 pri·

125 1788 215 1842 mum,
239 1774 323 1845 potin
346 1781 394 1832 est
414 1773 463 1832 bic
486 1771 609 1834 tacere?
639 1769 681 1843 ΙΙ,
706 1775 734 1845 3,
751 1772 812 1834 oen
831 1772 889 1830 ebo
912 1772 978 1838 dum
1002 1773 1049 1832 dic
1072 1773 1157 1834 mibi:
1184 1773 1288 1844 Estne,

126 1876 162 1928 ut
184 1867 290 1946 fertur,
314 1868 428 1930 forma?
471 1866 509 1945 V,
534 1873 563 1945 2,
590 1872 641 1932 12:
665 1866 826 1942 dionisi,
851 1868 1043 1943 Aufugistiu?
1080 1873 1109 1942 ὃ,
1132 1875 1164 1932 8:
1189 1871 1284 1930 satine

127 1966 249 2042 salvae?
286 1967 334 2026 dic
367 1969 447 2027 mibi.
495 1965 620 2030 Phorm.
645 1965 688 2036 V,
714 1971 746 2044 l,
770 1969 823 2029 21:
855 1967 924 2026 Eho
954 1969 1001 2028 dic
1028 1954 1121 2042 mibi,¹
1151 1969 1219 2042 qnid
1243 1971 1289 2028 rei

127 2065 214 2126 tibist
244 2081 311 2124 cum
339 2063 454 2127 familia
482 2067 538 2126 hac
561 2067 638 2138 unde
667 2065 753 2125 exis?
798 2062 875 2127 Hec.
899 2062 929 2142 1,
953 2068 987 2141 2,
1012 2069 1044 2127 9:
1069 2064 1128 2128 Diu
1151 2068 1205 2138 mi,
1229 2068 1289 2142 nbi,

126 2163 272 2240 Philotis,
296 2172 326 2222 te
350 2165 508 2224 oblectasti
531 2173 591 2223 tam
615 2163 685 2223 diu?
742 2155 744 2160 ’
935 2215 936 2220 ,

218 2260 264 2320 16.
309 2256 448 2322 Possunt
477 2263 584 2324 autem
609 2256 716 2322 efferri
745 2259 1013 2338 interrogationes
1035 2257 1103 2323 sine
1126 2258 1191 2323 ulla
1212 2265 1291 2324 nota

130 2355 407 2435 interrogationis,
430 2356 462 2420 b.
485 2375 513 2420 c.
538 2355 693 2430 vocabulo
714 2356 799 2435 quod
821 2356 1105 2436 interrogationem
1128 2356 1288 2435 exprimit,

126 2453 196 2518 sive
219 2453 252 2517 id
276 2458 325 2518 est
346 2471 520 2534 pronomen
542 2454 593 2520 vel
622 2453 810 2518 adverbium
837 2454 1103 2535 interrogativum
1125 2453 1193 2518 sive
1216 2471 1290 2533 par·

130 2550 230 2616 tienle
251 2551 493 2632 interrogativa.
544 2551 607 2618 Sed
628 2552 725 2618 etiam
753 2552 864 2620 harum
889 2552 1187 2632 interrogationum,
1216 2569 1287 2616 cum

129 2667 150 2712 u
179 2648 387 2728 negantibus,
421 2650 613 2729 praesertim
645 2668 702 2729 per
728 2669 788 2712 eoo
822 2649 971 2730 prolatis,
1006 2667 1085 2730 quas
1115 2650 1290 2730 separatim

128 2745 354 2824 tractabimus,
376 2747 572 2828 discesseris,
594 2749 709 2815 iterum
740 2747 856 2828 triplex
878 2749 1077 2827 potissimum
1101 2765 1203 2828 genus
1225 2747 1289 2813 dis·

128 2843 216 2908 cerni
256 2849 372 2922 potest.
417 2846 482 2910 Aut
514 2845 598 2910 enim
631 2865 689 2926 per
721 2847 817 2910 talem
851 2845 1135 2925 interrogationem
1175 2846 1201 2910 is
1235 2847 1290 2925 qui

126 2941 306 3021 interroget
327 2941 359 3006 id
382 2944 467 3022 quod
489 2943 593 3008 nescit
619 2943 670 3008 vel
694 2947 779 3008 certe
797 2942 895 3022 ,quod
917 2943 1041 3008 nescire
1064 2943 1167 3008 adhuc
1191 2963 1225 3010 se
1247 2946 1290 3010 si-

125 3038 230 3120 mulat
252 3040 442 3120 sciscitatur,
466 3047 524 3104 aut
538 3041 792 3117 admirationem,
815 3039 1073 3118 indignationem,
1096 3040 1287 3120 irrisionem,

125 3136 408 3216 reprehensionem
432 3139 501 3202 eius
524 3155 617 3216 quem
642 3139 822 3218 interrogat
851 3137 901 3202 vel
926 3137 1029 3203 simile
1057 3138 1208 3216 quiddam
1236 3157 1291 3204 ex-

127 3234 247 3314 primit,
273 3251 335 3314 quo
351 3236 382 3300 in
399 3254 514 3316 genere
530 3255 595 3314 eas,
619 3253 701 3315 quae
717 3236 851 3300 formam
873 3241 997 3302 tantum
1012 3235 1131 3300 habent
1153 3237 1289 3300 interro·

131 3333 313 3412 gationum,
351 3334 477 3398 nomine
516 3333 748 3401 rhetoricarum
793 3334 1080 3414 interrogationum
1118 3334 1290 3413 eornplecti

129 3430 251 3508 solent,
279 3437 335 3496 aut
369 3431 506 3512 denique
536 3432 747 3513 interrogatio
781 3451 839 3512 pro
874 3432 1095 3496 enunciatione
1130 3434 1290 3513 sumptiva

128 3527 236 3608 posita
260 3535 318 3592 est.

215 3645 244 3690 a.
287 3629 543 3702 Interrogoiioaee
565 3646 629 3704 eae,
658 3630 757 3690 eutis
780 3631 831 3701 qod
860 3630 1078 3710 interrogatori
1099 3629 1176 3702 qaod
1197 3630 1290 3690 nescit

126 3726 174 3786 cel
203 3730 278 3784 certe
304 3726 381 3800 quod
407 3727 519 3786 nescire
548 3727 645 3787 adbuc
670 3743 700 3787 se
727 3727 850 3788 simulat
875 3727 1052 3789 sciscitator.
1098 3723 1178 3788 Cato
1208 3731 1288 3790 orat.

128 3840 188 3902 pro
216 3821 334 3886 Rhode
371 3825 517 3886 Eonunc
554 3826 717 3900 derepente
748 3834 832 3885 tanta
862 3826 1007 3886 beneficia
1034 3829 1112 3884 ultro
1143 3827 1287 3900 citroque,

5 3923 10 3938 '
128 3927 245 3982 tantam
269 3922 429 3982 amicitiam
453 3923 677 3998 relinquemus?
701 3925 778 3999 quod
800 3925 869 3985 illos
886 3924 1010 3982 dicimus
1032 3925 1161 3984 voluisse
1178 3923 1290 3998 facere,

128 4021 160 4078 id
183 4037 237 4079 nos
260 4022 379 4094 priores
400 4019 502 4080 facere
525 4021 755 4095 occupabimusi
792 4017 881 4084 Haec
903 4018 1113 4097 interrogatio
1138 4036 1196 4096 per
1217 4037 1289 4078 aem

128 4112 238 4178 efferri
254 4115 421 4194 potuisset,
438 4115 586 4194 quoniam
602 4133 792 4197 responsum
809 4120 1013 4196 exspectatur
1028 4131 1161 4194 negans,
1178 4113 1289 4178 eodem
