3076 4762
505 205 545 246 uu
560 205 657 247 ironis.
672 227 696 236 -
712 205 934 247 couruucrrvue.
1247 207 1309 270 137

153 393 240 459 aliud
268 391 434 476 significat,
461 395 523 459 nisi
550 393 581 458 id
611 394 694 474 quod
726 393 905 459 conditione
936 392 1043 474 aliqua
1076 390 1183 471 posita
1217 396 1307 456 extat

153 491 220 556 sive
243 488 313 556 fieri
334 496 452 572 potest,
480 493 530 558 cui
560 489 783 573 significationi
810 490 993 572 potentialis
1021 490 1180 555 notionem
1208 505 1311 570 quau-

154 588 226 653 dam
250 589 450 654 necessitatis
471 589 560 655 addit
583 591 623 666 (v.
647 589 764 654 Etzler.
790 608 821 671 p.
849 586 1038 669 112-134).

239 705 265 752 a.
314 689 523 749 Omiaactieae
549 689 763 754 conditionalis.
826 685 906 752 (lato
937 685 1048 768 fragm.
1078 703 1122 750 or.
1163 685 1223 749 ino.
1255 700 1306 764 ap.

154 783 285 862 Quintil.
311 783 367 862 IX,
391 788 420 865 2,
444 789 499 848 21:
527 787 616 862 Cedo,
641 789 666 847 si
688 806 740 847 vos
763 789 792 846 in
817 805 852 847 eo
882 789 949 847 loco
983 787 1089 853 esselis,
1125 785 1193 860 qnid
1226 785 1306 844 aliud

153 885 318 958 fecissetis?
340 881 443 946 Plaut.
469 883 556 946 Asin.
583 880 624 961 ΙΙ,
649 889 677 958 3,
703 887 755 946 ld:
780 885 906 960 Argenti
927 885 1159 960 viginti-minas,
1182 882 1306 942 mades-

151 988 202 1057 sel,
227 985 389 1058 accepisset.
413 979 472 1053 ΙΙΙ,
495 985 524 1060 2,
548 988 602 1046 43:
627 983 721 1042 Nimis
747 982 849 1042 uellem
877 981 987 1041 habere
1017 985 1172 1056 perticam.
1206 983 1234 1056 3,
1266 982 1301 1041 2:

152 1083 305 1156 aliquanto
334 1084 460 1156 amplius
486 1082 623 1148 ualerem,
650 1081 676 1140 sl
706 1081 754 1140 hic
782 1097 923 1141 maneres.
974 1076 1087 1142 Bacch.
1116 1076 1159 1156 Il,
1190 1079 1305 1155 3„39:

153 1179 198 1238 Ni
220 1184 346 1239 nanetus
369 1178 516 1239 Venerem
540 1197 639 1252 essem,
664 1181 740 1238 hanc
772 1179 912 1238 lunonem
941 1177 1073 1237 dicerem
1105 1180 1134 1253 3,
1164 1178 1222 1237 80:
1253 1177 1305 1234 Ni-

151 1280 210 1337 mio
235 1279 282 1336 hic
298 1279 435 1352 privatim
451 1281 622 1339 seruaretur
645 1279 763 1336 rectius.
788 1273 847 1353 111,
872 1279 899 1351 3,
917 1276 971 1337 48:
995 1276 1075 1335 Deos
1091 1275 1238 1350 propitios
1258 1291 1305 1334 me

151 1376 253 1436 ridere
281 1392 366 1450 quam
393 1377 474 1436 illurn
500 1373 584 1452 [hau]
607 1375 758 1434 mavellem
781 1375 861 1434 mihi.
906 1369 1019 1434 Bacch.
1044 1390 1073 1434 v.
1098 1375 1175 1434 496:
1199 1374 1305 1431 melius

152 1475 246 1532 multo
263 1491 308 1532 me
322 1491 437 1548 quoque
455 1491 514 1534 urta
530 1491 595 1533 cum
618 1475 687 1532 illoc
712 1474 759 1531 hic
782 1472 970 1544 relinqueres.
995 1467 1049 1544 IV,
1073 1473 1101 1548 3,
1120 1473 1180 1532 134
1197 1471 1305 1529 mavel-

152 1573 218 1631 lem.
245 1567 327 1631 Men.
352 1567 394 1646 ΙΙ,
425 1577 448 1648 l,
475 1575 512 1634 13
536 1587 596 1649 sq:
619 1571 645 1630 sl
668 1588 761 1644 acum,
786 1571 884 1642 credo,
913 1585 1077 1644 quaereres,
1107 1571 1198 1628 Aoum
1225 1568 1305 1626 luae-

151 1668 253 1735 m'sses,
283 1670 309 1727 sl
336 1673 501 1742 appareret,
529 1672 587 1726 iam
618 1669 677 1726 diu.
704 1667 741 1743 V,
773 1672 802 1745 7,
833 1673 886 1731 33:
915 1669 989 1728 Nam
1020 1670 1128 1740 eosque
1156 1666 1204 1725 ted
1224 1668 1306 1731 esset,

152 1783 309 1840 numquam
337 1766 424 1826 hodie
454 1769 490 1826 ad
520 1769 612 1826 solem
641 1785 777 1827 occasum
811 1767 946 1826 clamem.
980 1763 1045 1827 Mil.
1078 1762 1138 1841 ΙΙΙ,
1178 1769 1203 1840 l,
1235 1765 1305 1823 124.

149 1859 266 1924 Pseud.
292 1861 326 1938 Ι,
341 1866 369 1932 1,
391 1867 400 1924 l
421 1879 501 1942 sqq:
527 1863 559 1923 a·
575 1883 610 1924 ex
626 1876 655 1924 te
671 1871 790 1926 tacente
814 1863 880 1923 fieri
897 1880 1013 1936 possem
1035 1864 1158 1935 certior,
1175 1891 1217 1902 --
1227 1876 1303 1933 par-

149 1961 259 2020 sissem.
285 1963 312 2038 3,
337 1964 391 2022 75:
417 1965 514 2037 Atque
538 1981 592 2038 ego
617 1971 646 2023 te
670 1968 763 2025 vivom
789 1963 956 2036 salvamque
985 1963 1094 2020 uellem.
1126 1957 1166 2034 ΙΙ,
1192 1963 1219 2032 2,
1243 1957 1303 2018 45;

151 2055 185 2115 a·
207 2060 286 2119 intus
309 2063 389 2126 esset,
411 2077 568 2122 evocarem.
616 2059 709 2124 Pocn.
734 2059 802 2137 ΙΙΙ,
827 2065 855 2136 3,
880 2061 934 2122 68;
960 2059 1069 2118 Videre
1093 2059 1229 2132 equidem
1253 2071 1307 2114 ros

150 2155 369 2229 vellemquem
393 2158 460 2216 huic
485 2177 585 2218 aarum
610 2159 719 2219 aurem.
743 2156 780 2236 V,
812 2160 840 2234 2,
875 2157 945 2220 106:
975 2159 1093 2216 Patrem
1121 2163 1209 2229 atque
1241 2167 1305 2210 ma·

153 2256 228 2312 trem
253 2257 386 2315 viverent
407 2255 509 2314 uellem
533 2259 595 2315 tibi.
640 2255 726 2318 Pers.
752 2255 776 2331 Ι,
803 2259 828 2329 1,
852 2257 907 2317 46:
930 2255 957 2314 el
978 2255 1007 2313 id
1024 2255 1102 2312 domi
1119 2257 1192 2313 esset
1222 2249 1304 2321 mihi,

150 2347 209 2410 iam
228 2353 394 2425 pollicerer.
440 2351 522 2415 Rud.
554 2351 606 2432 ΙΙ,
634 2359 662 2422 7,
692 2357 731 2418 32
756 2369 818 2430 aq.:
855 2353 882 2413 si
909 2353 1034 2412 invitare
1066 2369 1119 2410 nos
1150 2350 1304 2426 paulisper

146 2454 292 2523 pergeret,
317 2451 427 2510 Ibidem
452 2453 700 2514 obdormiescmus.
727 2449 823 2514 Stich.
848 2448 886 2520 V,
910 2455 938 2530 5,
964 2454 981 2512 2
1007 2464 1067 2527 sq.:
1091 2449 1133 2510 Ut
1161 2464 1215 2521 ego
1245 2447 1303 2503 huc
1344 2530 1346 2538 ,

149 2551 208 2610 iam
237 2549 344 2609 dudam
377 2552 475 2609 simitu
498 2551 619 2610 emissem
643 2553 792 2612 vobiscum
817 2551 914 2623 laras,
947 2549 1017 2608 Nisi
1047 2565 1092 2607 me
1115 2546 1197 2608 uobis
1221 2559 1304 2602 eaor·

149 2665 261 2709 merem.
306 2644 390 2708 Trin.
415 2643 456 2724 ΙΙ,
480 2653 509 2725 4,
537 2653 609 2711 167;
634 2647 667 2707 Sl
690 2660 758 2708 ante
781 2649 929 2714 coluisses,
952 2664 1042 2707 esses:
1067 2663 1144 2705 nnnc
1168 2660 1236 2703 sero
1252 2657 1303 2700 ca·

150 2749 206 2822 pis.
240 2742 414 2822 Trigemiui
431 2761 459 2822 p.
472 2747 551 2810 483:
576 2747 619 2807 Ni
640 2747 791 2821 fugissem,
813 2747 940 2805 medium
966 2747 1057 2806 credo
1069 2743 1302 2818 praemorslsset

148 2841 253 2906 Plaut.
278 2840 389 2921 fragm.
414 2840 490 2905 dist.
514 2842 594 2924 Ang.
619 2843 692 2907 Mai.
715 2862 743 2923 p.
767 2846 843 2906 486:
869 2845 1047 2904 Muliercula
1070 2861 1136 2901 mea
1166 2839 1305 2903 ornacula

149 2943 177 3003 si
203 2945 243 3002 sil
270 2950 301 3000 ut
329 2943 447 3015 quidem
478 2944 579 3002 hercle
608 2946 692 3016 acite,
718 2945 898 3017 Quamquam
924 2951 1007 3002 vetus
1036 2943 1208 3000 cantherius
1230 2955 1302 3008 sam,

150 3039 333 3105 mihinam,
356 3049 388 3097 ut
411 3057 464 3113 ego
488 3043 603 3116 opinor,
626 3038 816 3101 Addimulrel.
849 3037 975 3102 Terent.
1006 3035 1100 3100 Andr.
1132 3035 1155 3108 Ι,
1187 3041 1214 3113 l,
1246 3037 1303 3097 26:

153 3156 220 3197 nam
245 3147 335 3196 autea
364 3137 419 3209 Qui
448 3140 526 3198 scire
547 3155 649 3211 posses
677 3147 726 3198 aut
757 3139 905 3212 ingenium
941 3136 1089 3196 noscere?
1119 3133 1178 3212 ΙΙΙ,
1206 3139 1236 3208 4,
1269 3137 1302 3199 5:

153 3237 238 3310 Egon
275 3235 352 3292 istuc
381 3234 540 3306 facereml,
570 3252 651 3314 quae
674 3233 887 3314 interrogatio
914 3232 1155 3296 admirationem
1200 3228 1305 3309 expri-

151 3331 218 3410 mit,
241 3348 317 3392 num
341 3332 461 3409 putasti
484 3349 534 3394 me
558 3332 641 3396 istuc
664 3331 821 3397 iacturum
847 3331 942 3395 esse?
965 3318 1026 3412 ἆρα
1049 3329 1127 3392 δοκῶ
1145 3352 1192 3391 σοι
1208 3328 1303 3389 τοῦτο

151 3425 189 3510 ἄν
211 3439 319 3506 mareu,
355 3427 409 3507 IV,
437 3434 461 3508 1,
485 3435 543 3499 44:
574 3433 724 3492 mounes
749 3434 825 3492 huuc
840 3433 1015 3491 'coniectum
1039 3433 1070 3491 in
1098 3433 1217 3506 nuptias
1244 3427 1304 3486 lni-

150 3532 219 3588 mici
234 3529 347 3595 cellcul,
371 3529 521 3602 quodnisi
545 3531 700 3590 consilium
724 3532 780 3589 hoc
802 3528 928 3594 darent?
953 3533 981 3603 5,
1008 3532 1105 3606 laq:
1131 3531 1213 3602 Quae
1237 3541 1303 3586 sesa

150 3628 307 3687 inhoneste
332 3627 446 3699 optavit
468 3645 575 3704 parere
600 3630 647 3687 hic
671 3629 759 3688 ditias
776 3629 877 3687 Potius
901 3647 987 3703 quam
1012 3631 1041 3686 in
1064 3629 1163 3702 patria
1179 3627 1303 3685 honesta

150 3742 265 3800 pauper
287 3725 404 3784 uiueret.
430 3722 483 3802 IV,
508 3728 536 3802 5,
565 3727 614 3788 13:
638 3727 665 3785 si
687 3726 717 3784 id
735 3727 861 3792 scissem,
884 3744 1039 3800 numquam
1063 3727 1120 3785 huc
1147 3725 1304 3784 tetulissem

150 3823 266 3896 pedem.
295 3819 376 3884 Eun.
400 3819 458 3890 ΙΙΙ,
486 3826 512 3900 l,
530 3825 584 3884 56:
609 3821 759 3896 Siguidem
782 3842 826 3884 ma
843 3827 965 3892 amaret,
982 3833 1040 3884 tum
1058 3826 1134 3885 istuc
1144 3823 1303 3896 prodesset.

152 3918 268 3982 Heaut.
293 3917 318 3996 Ι,
342 3923 371 3994 2,
399 3921 451 3982 18:
476 3921 551 3993 Quid
575 3921 698 3982 narrat?
722 3919 781 3982 GL.
808 3923 884 3994 Quid
908 3923 981 3984 illel
1004 3923 1142 3982 miserum
1172 3939 1203 3981 se
1228 3938 1303 3980 esse.

152 4013 216 4080 GH.
242 4017 407 4078 Miserum?
431 4035 516 4094 quem
540 4019 635 4080 minas
658 4018 809 4081 crederes?
831 4018 873 4096 ΙΙ,
898 4023 926 4098 3,
951 4024 1006 4082 66:
1039 4021 1185 4081 Continuo
1210 4027 1240 4078 et
1262 4022 1304 4078 la-

149 4119 260 4175 crumis
284 4119 388 4190 opplet
410 4135 443 4176 os
467 4122 559 4176 totam
592 4118 658 4190 sibi,
688 4118 730 4178 Ut
758 4116 846 4178 facile
874 4119 963 4178 scires
994 4118 1141 4179 desiderio
1170 4118 1199 4176 id
1229 4117 1304 4175 fieri.

148 4209 279 4276 Plrorm.
314 4211 393 4290 prol.
429 4231 457 4277 v.
484 4217 520 4276 13
544 4229 607 4290 etp:
634 4215 725 4274 Vetas
760 4216 786 4273 sl
820 4225 911 4290 poeta
939 4234 995 4275 non
1025 4215 1185 4275 lacessisset
1212 4215 1305 4290 prior,
