3090 4768
210 135 252 196 48
657 131 784 172 VERBUM.
813 131 877 171 GAP.
891 132 917 173 X.

211 316 322 380 sedin
346 315 487 384 efficacia
510 319 561 383 vel
577 319 701 402 ἐνέργεια
722 319 810 386 verbi
834 320 942 387 radice
965 316 1152 401 significata,
1175 337 1239 384 non
1255 323 1365 400 potest

211 431 288 479 sane
318 414 431 479 mirum
461 435 547 497 esse,
576 435 685 482 omnes
707 417 736 482 ei
759 416 874 496 quibus
897 417 980 483 actio
1003 417 1184 482 accuratius
1215 413 1365 481 definitur

211 515 246 574 et
268 529 360 576 casas
384 513 513 595 adiungi
538 521 573 578 ct
601 514 762 579 adverbia.
807 515 1015 596 Participium
1038 521 1146 580 autem
1168 533 1223 579 eos
1246 534 1286 579 ne
1308 533 1366 594 po·

213 613 299 674 terat
324 611 451 689 quidem
475 612 654 678 admittere.
699 612 781 676 Nam
804 631 874 678 curn
899 614 939 677 ad
961 631 1032 678 eam
1055 631 1138 685 rem,
1161 630 1243 692 quae
1266 611 1366 676 actio-

210 723 283 770 nem
307 704 404 772 elficit
426 714 483 773 aut
497 711 627 775 molitur
642 715 676 775 et
689 716 870 792 praeparat,
892 729 927 775 se
943 711 1168 786 accommodet,
1192 727 1261 774 eam
1278 709 1366 774 nullo

210 804 305 868 modo
328 809 435 884 potest
456 808 552 872 etiam
576 808 692 874 obiecti
713 807 783 874 loco
804 809 976 888 asciscere,
998 808 1060 874 nisi
1083 809 1137 874 ubi
1152 808 1259 887 verbe,
1283 824 1366 889 quae

196 901 274 966 'duo
298 901 418 968 habent
440 905 576 985 obiecta,
599 911 723 972 mutata
745 912 910 972 structura
924 905 1060 972 alterum
1076 906 1222 972 retinent.
1239 939 1281 950 —
1297 906 1366 970 lam

213 1017 290 1063 vero
318 1019 388 1064 cnm
408 1021 477 1082 res,
512 1004 562 1068 cui
586 1004 715 1070 verbale
743 1004 821 1068 illud
851 1003 1041 1070 adieetivum
1064 1004 1217 1068 tribuitur
1240 1001 1366 1068 efficere

213 1096 343 1174 quidem
375 1101 530 1166 actionem
554 1102 694 1184 dicatur,
726 1121 764 1168 ea
786 1107 893 1166 autem
917 1099 1106 1182 significatio
1128 1103 1240 1182 partic.
1262 1119 1365 1182 praes.

212 1201 274 1260 act.
298 1199 583 1279 essetadsignata,
606 1200 685 1265 illud
706 1201 747 1266 ad
771 1217 826 1264 eas
848 1219 902 1264 res
925 1199 1060 1264 maxime
1082 1198 1197 1264 referri
1218 1205 1367 1278 coeptum

212 1296 272 1371 est,
295 1311 377 1373 quae
396 1296 556 1370 ‚actionem
579 1297 626 1362 ita
649 1296 821 1376 efficerent,
844 1304 881 1364 ut
902 1315 964 1362 non
987 1297 1077 1377 ipsae
1101 1302 1234 1378 agerent
1257 1297 1367 1377 potius

209 1406 307 1469 quam
337 1410 432 1464 causa
461 1399 569 1458 essent
597 1413 696 1476 quare
726 1393 819 1460 fieret
848 1394 968 1476 aliquid
997 1399 1030 1460 et
1052 1395 1279 1474 susciperetur.
1324 1394 1364 1458 ln

212 1505 306 1566 quem
338 1508 430 1554 usum
455 1509 525 1555 cnm
549 1493 665 1558 sensim
689 1493 835 1574 abiisset,
863 1494 1033 1558 verborum
1056 1498 1240 1557 neutrorum
1266 1497 1298 1556 et
1319 1491 1367 1556 in-

213 1586 454 1652 transitivorum
479 1591 547 1654 eius
571 1590 697 1672 generis
720 1592 889 1672 participia
912 1591 940 1656 si
961 1609 1024 1655 non
1041 1589 1156 1670 omnia,
1178 1595 1212 1654 at
1228 1590 1368 1669 plurima

213 1683 246 1745 in
268 1701 328 1748 usu
352 1703 423 1750 esse
447 1688 624 1768 desierunt;
648 1706 751 1768 neque
774 1706 850 1754 vero
872 1707 969 1754 causa
992 1693 1071 1766 erat,
1094 1707 1152 1753 cur
1176 1688 1272 1752 etiarn
1288 1704 1367 1750 neu-

211 1785 299 1846 trum
322 1785 536 1864 omitteretur,
560 1787 677 1867 quippe
700 1804 762 1868 quo
785 1787 856 1867 ipsa
878 1786 962 1851 actio
985 1785 1132 1850 omnibus
1154 1785 1260 1850 verbis
1283 1803 1368 1849 com·

213 1879 317 1944 munis
351 1881 583 1963 designaretur.
628 1885 712 1949 lllud
746 1891 853 1950 autem
873 1902 960 1974 ¹cum
990 1884 1053 1948 iam
1079 1901 1133 1948 res
1162 1882 1367 1958 describeret,

212 1993 295 2056 quae
317 1979 349 2043 id
372 1981 457 2059 quod
479 1979 574 2046 fieret
594 1983 801 2048 admitterent
823 1987 856 2046 et
878 1982 1063 2060 tolerarent,
1087 1998 1280 2062 quamquam
1303 1998 1369 2044 non

214 2092 273 2139 sua
294 2076 336 2155 vi,
359 2081 465 2142 tamen
489 2098 619 2146 casuum
641 2085 804 2161 potestate
827 2084 883 2144 aut
904 2078 1194 2160 praepositionibus
1208 2077 1365 2158 adiutum,

214 2191 283 2236 cum
310 2176 530 2254 requireretur
555 2177 671 2259 forma,
705 2197 768 2261 qua
796 2179 843 2244 rei
873 2196 967 2258 quam
994 2177 1130 2241 maxime
1156 2175 1368 2256 perpetientis

213 2273 353 2338 conditio
375 2276 594 2356 insigniretur,
617 2276 650 2340 in
666 2280 824 2354 participii
840 2297 940 2352 praes.
958 2294 1041 2352 poss.
1069 2274 1174 2340 locum
1195 2273 1368 2339 succedere

215 2372 326 2451 coepit.
373 2371 617 2455 [Assentinntur
651 2377 795 2441 Donatus
829 2374 869 2439 ad
903 2375 1030 2438 Terent
1062 2373 1158 2436 Andr.
1189 2370 1228 2453 V,
1257 2378 1286 2447 4,
1316 2376 1368 2452 35,

215 2467 409 2536 Laurentius
431 2471 538 2552 Valla,
567 2473 711 2549 Linacer,
735 2471 950 2538 Susenbrotus
973 2472 1005 2534 in
1028 2487 1160 2552 gramm.
1184 2469 1239 2534 lat.
1262 2488 1291 2550 p.
1316 2475 1368 2550 64,

212 2563 402 2632 Perizonius
430 2569 470 2633 ad
494 2569 599 2635 Sanct.
627 2571 704 2634 Min.
728 2589 758 2650 p.
783 2575 857 2648 142,
886 2569 1034 2648 HaasinS,
1063 2565 1275 2649 Luebkerus].
1320 2569 1370 2632 Ex

216 2664 326 2727 eadem
355 2671 462 2731 autem
491 2667 547 2732 illa
568 2668 677 2732 nativa
698 2668 743 2740 vi,
775 2685 837 2747 qua
857 2685 920 2730 non
943 2667 983 2730 ad
1006 2666 1162 2730 actionem
1186 2665 1369 2730 absolutam

216 2759 330 2826 reterri
351 2768 467 2843 potest,
481 2765 620 2829 sedeam
635 2784 703 2830 rem
719 2764 881 2844 describit,
896 2781 978 2843 quae
994 2763 1150 2828 actionem
1166 2763 1297 2828 molitur
1312 2766 1371 2827 aut

217 2865 253 2924 ut
281 2858 338 2925 fiat
365 2858 463 2927 efficit
491 2863 623 2942 eiusque
648 2862 875 2943 'suscipiendae
905 2879 1002 2926 causa
1025 2861 1141 2941 existit,
1170 2860 1248 2924 illud
1270 2861 1368 2925 etiam

216 2957 423 3040 intelligitur,
453 2962 611 3041 quomodo
640 2960 720 3028 haec
747 2961 948 3041 potissimum
974 2958 1076 3024 torma
1104 2959 1211 3024 verbis
1238 2959 1370 3024 adiectis

218 3057 385 3122 sublevata
399 3062 582 3121 necessitatis
604 3076 730 3139 quoque
754 3055 1016 3143 significationem
1031 3057 1174 3138 potuerit
1196 3057 1368 3137 suscipere.

216 3154 299 3220 Nam
322 3157 432 3239 negari
455 3161 517 3224 non
539 3160 649 3240 potest
671 3175 741 3220 eam
764 3161 832 3221 tum
854 3156 990 3220 maxime
1012 3156 1116 3220 locum
1138 3154 1273 3235 habere,
1298 3171 1371 3218 cum

218 3253 374 3318 adiectum
398 3260 449 3320 est
471 3256 605 3321 verbum
628 3255 871 3319 substantivum.
915 3252 953 3317 ld
975 3257 1101 3333 autem,
1132 3252 1187 3317 ubi
1209 3252 1250 3317 ad
1271 3251 1371 3316 verba

218 3357 275 3415 aut
296 3351 413 3417 formas
444 3355 626 3431 verborum,
658 3370 740 3432 quae
763 3351 863 3415 solam
886 3351 1044 3415 actionem
1067 3350 1236 3431 designant
1258 3349 1370 3414 adiun-

219 3449 306 3528 gitur
328 3468 430 3529 ncqne
454 3453 590 3516 existere
613 3455 735 3515 tantum
758 3467 811 3512 res
834 3445 999 3528 significat,
1027 3466 1131 3526 neque
1155 3447 1290 3527 copulae
1313 3466 1371 3512 nu-

220 3547 280 3612 dae
301 3549 398 3614 habet
420 3551 493 3629 vim,
517 3550 573 3614 sed
595 3549 750 3614 medalem
775 3546 916 3628 aliquam
939 3550 1144 3627 potestatem,
1166 3564 1270 3626 neque
1290 3545 1372 3610 mul·

225 3650 291 3709 tum
315 3647 421 3727 abest,
450 3647 526 3727 quin
548 3647 599 3711 vel
621 3643 690 3712 fieri
714 3645 871 3716 actionem
893 3661 988 3724 posse
1010 3643 1061 3707 vel
1082 3661 1213 3710 necesse
1236 3662 1305 3710 esse
1324 3644 1372 3708 in·

220 3744 314 3809 dicet.
339 3780 377 3791 -
401 3745 470 3809 Hac
491 3745 591 3825 igitur
612 3745 644 3808 vi
665 3743 845 3824 praeditum
868 3742 1000 3806 verbum
1016 3762 1085 3812 csse,
1108 3743 1163 3807 ubi
1183 3742 1223 3806 ad
1237 3740 1373 3808 formam

219 3842 252 3908 in
277 3848 367 3924 adas,
399 3860 462 3922 qua
491 3861 544 3912 res
578 3839 775 3924 significatur
802 3857 883 3919 quae
911 3839 1068 3905 actionem
1098 3837 1215 3904 efficiat
1241 3844 1276 3904 et
1302 3839 1373 3904 eius

219 3959 350 4008 causam
377 3941 508 4012 habeat,
536 3940 697 4019 adiicitur,
732 3956 826 4018 quam
856 3956 955 4018 prope
986 3956 1053 4002 eam
1085 3937 1126 4001 ad
1147 3937 1372 4002 necessitatem

220 4041 359 4107 adducat
380 4037 471 4104 facile
495 4037 696 4118 perspicitur.
729 4036 762 4101 si
786 4035 868 4098 enim
891 4038 966 4097 liber
990 4036 1128 4112 leocados
1143 4042 1187 4096 est
1201 4034 1260 4099 hoc
1275 4034 1371 4114 valet,

219 4138 338 4207 librum
360 4140 406 4204 ita
428 4155 541 4202 revera
566 4153 636 4200 esse
659 4138 891 4213 comparatum,
923 4139 959 4198 ut
981 4151 1108 4199 causam
1132 4133 1251 4198 habeat
1271 4149 1373 4212 quare
