3090 4768
299 199 442 246 NOTIONES
457 209 634 252 resumendi
647 214 677 252 ΙΙΙ
691 215 859 256 UNIvuiesuu
873 215 1068 257 SPEUTANTUR.
1245 225 1265 286 3

124 380 249 445 detraxit
281 389 356 449 tibi?
404 389 484 456 D0.'
515 403 649 469 Furtum.
699 405 764 469 PH.
814 409 855 468 Et
887 413 982 470 eamst
1014 402 1155 466 indutus?
1197 403 1262 468 ΒΟ.

122 478 251 546 Furtum.
296 484 332 548 ef.
356 487 452 555 Andr.
473 493 527 575 IV,
546 505 573 578 1,
591 505 640 582 39,
664 503 716 569 nbi
739 509 845 568 tamen
867 503 1038 570 antecessit
1061 500 1184 564 Factum
1206 507 1262 566 hoe

34 621 35 626 ,
121 578 197 654 esti,
225 581 266 645 ad
291 585 376 662 quod
405 597 578 670 respondet
604 600 714 666 Davus
737 605 871 678 Factum,
899 601 944 666 ita
971 606 1008 665 ut
1034 597 1126 664 facile
1156 606 1262 665 mente

120 680 262 752 repetere
285 683 388 760 possis
412 698 466 750 est.
511 691 622 778 Pergit
643 698 758 764 deinde
772 697 980 766 Ritsohelius:
1007 696 1138 778 „Certae
1153 703 1260 762 autam

119 769 256 852 nullique
278 778 468 850 dubitationi
490 791 640 861 obnoxias
664 798 864 878 exceptiones
886 797 964 862 satis
980 795 1097 877 alioqui
1112 800 1259 860 constans

117 863 163 932 les
195 869 252 938 hos
285 876 394 944 habet:
428 917 472 928 —
504 891 631 958 tertiam
660 898 738 970 potis
769 895 820 960 vel
849 901 913 971 pote
939 912 1057 974 vooern,
1089 911 1170 974 quae
1199 893 1259 960 hoo

117 961 223 1034 habuit
260 975 438 1062 singulare,
476 989 512 1048 ut
547 1006 609 1055 uon
646 1010 704 1072 pro
738 999 834 1069 potest
865 997 990 1058 tautum
1022 992 1072 1056 vel
1099 995 1179 1067 potis
1213 999 1256 1056 est
1336 1055 1351 1076 ,

117 1075 331 1150 usurparetur,
360 1078 414 1141 sad
444 1082 540 1147 etiarn
563 1105 621 1166 pro
644 1089 714 1154 aliis
737 1090 846 1155 forrnis
868 1091 936 1155 eius
959 1089 1056 1168 verbi,
1080 1089 1174 1155 etiarn
1197 1109 1254 1170 pro

115 1158 294 1234 infinitivo.“
339 1171 502 1244 Ritschelii
533 1177 684 1263 exemplis
711 1189 791 1253 adde
817 1187 909 1252 haee:
955 1187 1039 1252 Asin.
1065 1185 1121 1266 ΙΙΙ,
1146 1192 1174 1267 3,
1200 1194 1257 1254 17:

114 1271 251 1335 quantum
276 1276 365 1344 polvs·
415 1274 498 1341 Trin-
528 1280 585 1359 ΙΙΙ,
613 1289 641 1364 3,
671 1290 725 1351 36:
759 1295 899 1362 quantum
927 1287 1015 1360 potis,
1048 1283 1103 1349 ubi
1132 1283 1254 1351 Lama:

115 1380 311 1442 „211118111
337 1371 472 1450 primunr
502 1375 570 1444 fieri
590 1383 725 1460 potest.“
770 1388 862 1449 Most.
886 1383 911 1462 I,
935 1389 964 1463 3,
988 1387 1042 1448 99:
1087 1385 1161 1457 Vah,
1184 1386 1255 1461 quid

112 1457 162 1518 5¹¹⁸
184 1469 256 1535 doit
286 1471 370 1542 peius
399 1477 536 1551 quiquam
563 1484 686 1543 muliere
717 1479 933 1545 memorarier?
984 1480 1071 1545 Pers.
1095 1478 1120 1559 Ι,
1147 1486 1172 1557 l,
1197 1487 1251 1546 31:

113 1554 140 1615 Si
176 1567 238 1621 tute
276 1566 331 1626 tibi
364 1571 439 1632 bane
470 1593 536 1636 esse
564 1584 634 1652 pote
666 1584 738 1656 peti,
773 1584 853 1643 veni:
891 1583 971 1642 vives
1005 1598 1126 1642 meeum.
1182 1578 1253 1644 Non

111 1657 248 1733 respexit
269 1659 463 1732 Ritsohelius
485 1671 588 1738 loourn
613 1674 683 1742 Cas.
707 1677 749 1757 ΙΙ,
766 1681 795 1756 5,
813 1681 867 1740 28:
904 1681 976 1752 Quis
990 1679 1062 1737 mihi
1076 1677 1252 1740 subveniens

111 1749 162 1820 (sio
188 1756 248 1835 Ap,
278 1758 363 1842 vulg.
388 1769 553 1849 subveniet)
576 1779 659 1850 tergo
682 1775 747 1838 -i
791 1774 897 1838 Prima
923 1791 1060 1855 persona
1082 1773 1252 1853 singularis

111 1848 222 1915 unisse
255 1860 305 1920 est
338 1863 449 1942 Amph.
485 1865 541 1948 ΙΙΙ,
576 1875 605 1951 3,
640 1877 672 1936 9:
707 1877 841 1950 equidem
876 1876 954 1935 serio
988 1891 1023 1934 ae
1053 1889 1123 1933 vero
1156 1878 1249 1936 rutae.

110 1943 186 2012 Men.
208 1949 234 2028 Ι,
259 1957 286 2030 2,
314 1962 366 2021 1οι
394 1981 472 2025 nuno
500 1969 584 2043 adeo,
609 1971 807 2044 otiosiores,
837 1973 942 2032 dicam.
987 1967 1115 2032 Transit
1137 1968 1249 2034 deinde

109 2040 297 2115 Ritsohelius
319 2055 359 2118 ad
382 2075 534 2138 personas
556 2064 690 2144 pluralis
711 2067 844 2148 numeri,
873 2067 964 2132 ouius
994 2064 1144 2144 exemplis
1166 2067 1249 2132 adde

109 2139 143 2206 de
164 2145 266 2222 prima
288 2169 425 2230 persona
446 2158 542 2226 Poen.
565 2162 624 2244 III,
652 2173 676 2242 l,
703 2171 754 2230 15:
779 2171 842 2230 Neo
865 2167 922 2228 sibi
944 2183 997 2226 nos
1020 2165 1138 2224 obnoxi
1159 2167 1246 2244 istae,

110 2243 183 2314 quod
204 2251 235 2307 ιιι
258 2267 338 2312 ames
361 2265 413 2322 aot
435 2261 543 2333 oderis,
575 2279 613 2326 er
636 2265 793 2345 scriptura
815 2262 931 2340 Bothii,
955 2261 994 2325 de
1016 2260 1112 2323 tertia
1134 2263 1246 2341 Amph.

34 2349 36 2380 ³
108 2334 130 2415 I,
155 2345 182 2418 l,
203 2347 256 2408 65:
280 2349 439 2424 Dispertiti
460 2360 524 2430 viri,
546 2361 691 2434 dispertiti
712 2364 840 2425 ordines.
886 2365 915 2439 2,
941 2364 995 2424 12:
1018 2361 1108 2436 igitur
1130 2363 1246 2421 demum

109 2454 204 2502 ornnes
227 2446 331 2522 soient,
357 2453 437 2525 Quae
460 2456 549 2528 foetu.
594 2458 631 2536 V,
659 2465 684 2537 1,
708 2464 762 2524 40:
807 2461 866 2524 Ubi
895 2467 980 2528 utero
1002 2457 1097 2518 exorti
1119 2458 1244 2518 dolores.

108 2551 133 2596 ιι.
155 2541 209 2601 59:
253 2545 410 2622 Postquam
432 2571 541 2628 pueros
564 2559 732 2632 emepieati.
777 2557 863 2622 Asin.
887 2555 911 2630 I,
935 2560 963 2634 3,
987 2559 1042 2618 44:
1076 2555 1134 2614 Ubi
1156 2557 1243 2616 iliaeo

108 2653 177 2708 quae
200 2641 267 2702 dedi
290 2647 381 2706 onte?
425 2647 486 2714 UL.
529 2654 657 2734 Atussa,
681 2673 774 2735 quem
795 2655 900 2718 locum
922 2649 1031 2718 ιιιιιιΙΙι
1052 2649 1243 2720 Balbaohius

109 2730 224 2798 observ.
248 2740 316 2804 orit.
338 2761 367 2823 p.
394 2751 442 2811 22.
487 2749 601 2815 Baooh.
624 2751 685 2833 ΙΙΙ,
707 2758 736 2832 4,
764 2757 816 2818 12:
862 2754 938 2827 Quid
968 2752 1006 2812 ad
1029 2752 1105 2812 hune
1127 2752 1243 2814 modum

109 2831 176 2892 baeu
203 2838 250 2897 hio
280 2859 354 2916 quae
383 2845 489 2917 sutura
513 2849 652 2914 fabulari
700 2851 826 2932 Ubique
853 2851 959 2914 mente
986 2846 1165 2910 addendum
1194 2851 1243 2913 est

109 2941 179 2993 suut.
228 2936 276 2999 Ad
307 2936 492 3008 infinitivum
524 2949 608 3025 quod
635 2948 760 3028 attinet,
794 2949 1019 3014 commemorat
1051 2943 1241 3018 Ritsqhelius
1328 2995 1330 3002 .

107 3023 184 3091 iiiii
214 3033 277 3098 alia
309 3045 427 3120 veerte,
461 3042 499 3108 de
532 3062 594 3124 quo
619 3045 756 3113 Haasius
789 3045 830 3110 ad
857 3043 974 3122 Reisig.
1002 3059 1031 3121 p.
1060 3047 1136 3108 559:
1188 3042 1241 3122 ,Si

108 3126 185 3200 ilud
216 3147 244 3194 v.
278 3142 389 3209 oporte
422 3136 593 3207 infinitivus
626 3142 704 3224 peri.
736 3161 819 3224 pass.
848 3139 1104 3222 ponendusest,
1138 3139 1241 3203 solum

107 3224 298 3307 participium
332 3235 399 3298 sine
433 3257 493 3300 esse
523 3240 669 3320 ponitur,
704 3241 749 3306 sio
780 3239 886 3306 Plaut.
916 3237 1011 3301 Most.
1040 3235 1095 3316 IV,
1124 3241 1153 3316 8,
1183 3242 1237 3302 26:

107 3323 208 3384 Aurem
228 3331 373 3396 admotam
397 3341 558 3410 oportuit.“
575 3342 597 3414 Ι)
642 3338 730 3404 idem
754 3355 830 3404 usus
852 3336 1013 3418 reperitur
1035 3334 1131 3398 etiarn
1153 3337 1240 3414 apud

108 3412 266 3490 Caecilium
297 3429 433 3496 Statium
467 3442 500 3496 et
529 3434 722 3500 Terentium.
774 3433 864 3500 Uaeo.
895 3432 1105 3513 Androgynos
1138 3432 1175 3498 lr.
1205 3441 1238 3500 2:

107 3522 278 3586 arduarum
300 3531 366 3590 med
388 3535 539 3605 oportebat
560 3537 651 3609 prius.
697 3534 745 3598 De
768 3531 916 3596 Terentio
940 3531 977 3595 of.
994 3529 1095 3595 Rudd.
1118 3547 1148 3609 p.
1166 3536 1237 3612 208,

108 3612 154 3686 qui
173 3617 263 3686 affert
285 3625 343 3690 Ad.
367 3625 409 3706 ΙΙ,
434 3633 461 3707 2,
486 3633 521 3692 d:
565 3633 760 3694 Adulescenti
786 3649 898 3692 morem
923 3634 1034 3705 uuam
1056 3631 1185 3703 oportuit
1205 3637 1239 3694 et

115 3817 358 3848 κ*-

172 3973 187 4036 ¹i
210 3975 240 4026 lu
265 3976 419 4031 universum
442 3987 534 4034 autem
556 3979 795 4035 Weissenbornius
821 3978 854 4034 de
877 3974 1008 4046 gerundia
1033 3981 1062 4032 et
1085 3975 1234 4069 gerundivo

109 4064 129 4113 Ι·
145 4053 181 4119 90,
199 4058 351 4128 ubieunque
369 4068 466 4118 neutra
484 4064 619 4132 participii
638 4062 688 4116 fut.
709 4069 760 4116 act.
781 4071 808 4115 et
827 4066 914 4130 praet.
933 4073 1007 4128 pass.
1027 4075 1076 4129 pro
1095 4057 1233 4150 infinrtrrrs

108 4145 235 4207 Ιῡιιιιιιιιι,
259 4141 418 4197 infinitivum
440 4161 496 4199 esee
519 4153 609 4199 mente
630 4144 790 4212 addendum,
814 4157 868 4196 non
891 4154 955 4195 vero
972 4142 1042 4196 haee
1059 4147 1157 4194 neutra
1173 4153 1235 4205 ipsa

108 4229 148 4279 Pro
163 4219 298 4278 inlinidvis
316 4226 439 4280 habenda
457 4243 518 4284 osse
537 4237 638 4284 oenset.

986 4307 1027 4376 1*
