<?xml version="1.0" encoding="UTF-8"?>
<!DOCTYPE html PUBLIC "-//W3C//DTD XHTML 1.0 Transitional//EN"
    "http://www.w3.org/TR/xhtml1/DTD/xhtml1-transitional.dtd">
<html xmlns="http://www.w3.org/1999/xhtml" xml:lang="en" lang="en">
 <head>
  <title>
</title>
<meta http-equiv="Content-Type" content="text/html;charset=utf-8" />
  <meta name='ocr-system' content='tesseract 3.04.00' />
  <meta name='ocr-capabilities' content='ocr_page ocr_carea ocr_par ocr_line ocrx_word'/>
</head>
<body>
  <div class='ocr_page' id='page_1' title='image "./syntaxispriscor02holtgoog_0163.png"; bbox 0 0 3076 4762; ppageno 0'>
   <div class='ocr_carea' id='block_1_1' title="bbox 249 131 968 203">
    <p class='ocr_par' dir='ltr' id='par_1_1' title="bbox 249 131 968 203">
     <span class='ocr_line' id='line_1_1' title="bbox 249 131 968 203; baseline -0.033 -9"><span class='ocrx_word' id='word_1_1' title='bbox 249 145 311 203; x_wconf 81' lang='lat'><strong><em>144</em></strong></span> <span class='ocrx_word' id='word_1_2' title='bbox 691 132 817 174; x_wconf 78' lang='lat' dir='ltr'><strong><em>suasuri.</em></strong></span> <span class='ocrx_word' id='word_1_3' title='bbox 840 131 904 173; x_wconf 76' lang='lat' dir='ltr'><strong><em>ele.</em></strong></span> <span class='ocrx_word' id='word_1_4' title='bbox 918 131 968 172; x_wconf 85' lang='lat' dir='ltr'>x11.</span> 
     </span>
    </p>
   </div>
   <div class='ocr_carea' id='block_1_2' title="bbox 233 321 1407 3123">
    <p class='ocr_par' dir='ltr' id='par_1_2' title="bbox 233 321 1407 3123">
     <span class='ocr_line' id='line_1_2' title="bbox 242 321 1404 402; baseline -0.007 -16"><span class='ocrx_word' id='word_1_5' title='bbox 242 326 367 386; x_wconf 75' lang='lat' dir='ltr'><strong><em>senens.</em></strong></span> <span class='ocrx_word' id='word_1_6' title='bbox 413 326 449 400; x_wconf 99' lang='lat'><strong><em>3,</em></strong></span> <span class='ocrx_word' id='word_1_7' title='bbox 473 326 491 386; x_wconf 93' lang='grc'>2</span> <span class='ocrx_word' id='word_1_8' title='bbox 514 338 601 402; x_wconf 85' lang='lat' dir='ltr'><strong><em>sqq.:</em></strong></span> <span class='ocrx_word' id='word_1_9' title='bbox 631 323 666 384; x_wconf 77' lang='lat' dir='ltr'><strong><em>Si</em></strong></span> <span class='ocrx_word' id='word_1_10' title='bbox 693 326 722 384; x_wconf 91' lang='lat' dir='ltr'><strong><em>id</em></strong></span> <span class='ocrx_word' id='word_1_11' title='bbox 749 328 916 386; x_wconf 70' lang='lat' dir='ltr'><strong><em>suscenseat</em></strong></span> <span class='ocrx_word' id='word_1_12' title='bbox 941 339 1033 394; x_wconf 88' lang='lat' dir='ltr'><strong><em>nunc,</em></strong></span> <span class='ocrx_word' id='word_1_13' title='bbox 1057 353 1099 366; x_wconf 90' lang='lat'><em>-</em></span> <span class='ocrx_word' id='word_1_14' title='bbox 1125 321 1270 382; x_wconf 79' lang='lat' dir='ltr'><strong><em>videatne.</em></strong></span> <span class='ocrx_word' id='word_1_15' title='bbox 1314 335 1344 380; x_wconf 76' lang='lat' dir='ltr'><strong><em>v⁴</em></strong></span> <span class='ocrx_word' id='word_1_16' title='bbox 1368 323 1404 381; x_wconf 84' lang='lat'><strong><em>7:</em></strong></span> 
     </span>
     <span class='ocr_line' id='line_1_3' title="bbox 248 419 1407 497; baseline -0.007 -15"><span class='ocrx_word' id='word_1_17' title='bbox 248 423 358 484; x_wconf 87' lang='lat' dir='ltr'><strong><em>dictum</em></strong></span> <span class='ocrx_word' id='word_1_18' title='bbox 388 440 423 482; x_wconf 86' lang='lat' dir='ltr'><strong><em>ao</em></strong></span> <span class='ocrx_word' id='word_1_19' title='bbox 446 421 556 482; x_wconf 83' lang='lat' dir='ltr'><strong><em>laetum</em></strong></span> <span class='ocrx_word' id='word_1_20' title='bbox 578 423 724 484; x_wconf 76' lang='lat' dir='ltr'><strong><em>invenerit</em></strong></span> <span class='ocrx_word' id='word_1_21' title='bbox 745 424 881 497; x_wconf 84' lang='lat' dir='ltr'><strong><em>Aliquam</em></strong></span> <span class='ocrx_word' id='word_1_22' title='bbox 905 439 1038 494; x_wconf 81' lang='lat' dir='ltr'><strong><em>causam,</em></strong></span> <span class='ocrx_word' id='word_1_23' title='bbox 1069 438 1155 496; x_wconf 85' lang='lat' dir='ltr'><strong><em>quam</em></strong></span> <span class='ocrx_word' id='word_1_24' title='bbox 1186 420 1287 479; x_wconf 89' lang='lat' dir='ltr'><strong><em>obrem</em></strong></span> <span class='ocrx_word' id='word_1_25' title='bbox 1312 419 1407 476; x_wconf 84' lang='lat' dir='ltr'><strong><em>eiciet</em></strong></span> 
     </span>
     <span class='ocr_line' id='line_1_4' title="bbox 245 517 1404 595; baseline -0.006 -16"><span class='ocrx_word' id='word_1_26' title='bbox 245 521 369 595; x_wconf 84' lang='lat' dir='ltr'><strong><em>oppido.</em></strong></span> <span class='ocrx_word' id='word_1_27' title='bbox 399 522 428 595; x_wconf 82' lang='lat'><strong><em>5,</em></strong></span> <span class='ocrx_word' id='word_1_28' title='bbox 454 521 510 582; x_wconf 87' lang='lat'><strong><em>13:</em></strong></span> <span class='ocrx_word' id='word_1_29' title='bbox 535 521 549 577; x_wconf 92' lang='grc'>1</span> <span class='ocrx_word' id='word_1_30' title='bbox 573 521 708 579; x_wconf 83' lang='lat' dir='ltr'><strong><em>nuntiem</em></strong></span> <span class='ocrx_word' id='word_1_31' title='bbox 732 522 820 590; x_wconf 81' lang='lat' dir='ltr'><strong><em>intro,</em></strong></span> <span class='ocrx_word' id='word_1_32' title='bbox 842 536 878 581; x_wconf 85' lang='lat' dir='ltr'><strong><em>ue</em></strong></span> <span class='ocrx_word' id='word_1_33' title='bbox 903 521 931 578; x_wconf 93' lang='lat' dir='ltr'><strong><em>in</em></strong></span> <span class='ocrx_word' id='word_1_34' title='bbox 947 536 1041 591; x_wconf 84' lang='lat' dir='ltr'><strong><em>more,</em></strong></span> <span class='ocrx_word' id='word_1_35' title='bbox 1063 534 1151 590; x_wconf 74' lang='lat' dir='ltr'><strong><em>onom</em></strong></span> <span class='ocrx_word' id='word_1_36' title='bbox 1166 535 1239 591; x_wconf 88' lang='lat' dir='ltr'><strong><em>opus</em></strong></span> <span class='ocrx_word' id='word_1_37' title='bbox 1261 517 1308 588; x_wconf 82' lang='lat' dir='ltr'><strong><em>sil,</em></strong></span> <span class='ocrx_word' id='word_1_38' title='bbox 1333 517 1404 575; x_wconf 88' lang='lat' dir='ltr'><strong><em>sies.</em></strong></span> 
     </span>
     <span class='ocr_line' id='line_1_5' title="bbox 247 613 1405 693; baseline -0.007 -15"><span class='ocrx_word' id='word_1_39' title='bbox 247 613 303 693; x_wconf 93' lang='lat' dir='ltr'><strong><em>IV,</em></strong></span> <span class='ocrx_word' id='word_1_40' title='bbox 331 621 357 692; x_wconf 93' lang='lat' dir='ltr'><strong><em>l,</em></strong></span> <span class='ocrx_word' id='word_1_41' title='bbox 382 617 435 676; x_wconf 82' lang='lat'><strong><em>28:</em></strong></span> <span class='ocrx_word' id='word_1_42' title='bbox 469 618 548 676; x_wconf 87' lang='lat' dir='ltr'><strong><em>Haut</em></strong></span> <span class='ocrx_word' id='word_1_43' title='bbox 578 618 655 676; x_wconf 85' lang='lat' dir='ltr'><strong><em>istuc</em></strong></span> <span class='ocrx_word' id='word_1_44' title='bbox 684 617 781 684; x_wconf 82' lang='lat' dir='ltr'><strong><em>dicos,</em></strong></span> <span class='ocrx_word' id='word_1_45' title='bbox 815 618 843 676; x_wconf 72' lang='lat' dir='ltr'><strong><em>se?</em></strong></span> <span class='ocrx_word' id='word_1_46' title='bbox 869 615 1003 692; x_wconf 77' lang='lat' dir='ltr'><strong><em>copnoris</em></strong></span> <span class='ocrx_word' id='word_1_47' title='bbox 1035 617 1081 675; x_wconf 83' lang='lat' dir='ltr'><strong><em>rel</em></strong></span> <span class='ocrx_word' id='word_1_48' title='bbox 1112 632 1158 673; x_wconf 92' lang='lat' dir='ltr'><strong><em>me</em></strong></span> <span class='ocrx_word' id='word_1_49' title='bbox 1193 616 1240 674; x_wconf 91' lang='lat' dir='ltr'><strong><em>vel</em></strong></span> <span class='ocrx_word' id='word_1_50' title='bbox 1273 628 1405 672; x_wconf 86' lang='lat' dir='ltr'><strong><em>umorem</em></strong></span> 
     </span>
     <span class='ocr_line' id='line_1_6' title="bbox 248 707 1406 789; baseline -0.004 -15"><span class='ocrx_word' id='word_1_51' title='bbox 248 733 352 775; x_wconf 89' lang='lat' dir='ltr'><strong><em>meum.</em></strong></span> <span class='ocrx_word' id='word_1_52' title='bbox 398 710 436 789; x_wconf 88' lang='lat' dir='ltr'><strong><em>V,</em></strong></span> <span class='ocrx_word' id='word_1_53' title='bbox 460 717 489 787; x_wconf 90' lang='lat'><strong><em>4,</em></strong></span> <span class='ocrx_word' id='word_1_54' title='bbox 517 716 570 776; x_wconf 83' lang='lat'><strong><em>12:</em></strong></span> <span class='ocrx_word' id='word_1_55' title='bbox 599 715 655 773; x_wconf 88' lang='lat' dir='ltr'><strong><em>Hic</em></strong></span> <span class='ocrx_word' id='word_1_56' title='bbox 681 717 727 774; x_wconf 81' lang='lat' dir='ltr'><strong><em>vir</em></strong></span> <span class='ocrx_word' id='word_1_57' title='bbox 756 715 797 774; x_wconf 80' lang='lat' dir='ltr'><strong><em>sil</em></strong></span> <span class='ocrx_word' id='word_1_58' title='bbox 829 714 946 775; x_wconf 83' lang='lat' dir='ltr'><strong><em>bonus?</em></strong></span> <span class='ocrx_word' id='word_1_59' title='bbox 990 710 1072 775; x_wconf 83' lang='lat' dir='ltr'><strong><em>Eun.</em></strong></span> <span class='ocrx_word' id='word_1_60' title='bbox 1105 707 1134 788; x_wconf 96' lang='grc' dir='ltr'><strong><em>Ι,</em></strong></span> <span class='ocrx_word' id='word_1_61' title='bbox 1163 713 1199 788; x_wconf 93' lang='grc'><strong><em>2,</em></strong></span> <span class='ocrx_word' id='word_1_62' title='bbox 1231 713 1288 772; x_wconf 81' lang='lat'><strong><em>73:</em></strong></span> <span class='ocrx_word' id='word_1_63' title='bbox 1316 711 1406 784; x_wconf 77' lang='lat' dir='ltr'><strong><em>Egon</em></strong></span> 
     </span>
     <span class='ocr_line' id='line_1_7' title="bbox 241 807 1406 888; baseline -0.005 -18"><span class='ocrx_word' id='word_1_64' title='bbox 241 813 404 888; x_wconf 83' lang='lat' dir='ltr'><strong><em>-quicquam</em></strong></span> <span class='ocrx_word' id='word_1_65' title='bbox 429 827 494 870; x_wconf 89' lang='lat' dir='ltr'><strong><em>cum</em></strong></span> <span class='ocrx_word' id='word_1_66' title='bbox 517 813 583 872; x_wconf 86' lang='lat' dir='ltr'><strong><em>istis</em></strong></span> <span class='ocrx_word' id='word_1_67' title='bbox 606 811 696 872; x_wconf 83' lang='lat' dir='ltr'><strong><em>lactis</em></strong></span> <span class='ocrx_word' id='word_1_68' title='bbox 720 812 773 871; x_wconf 87' lang='lat' dir='ltr'><strong><em>tibi</em></strong></span> <span class='ocrx_word' id='word_1_69' title='bbox 795 810 1006 884; x_wconf 69' lang='lat' dir='ltr'><strong><em>respondeam?</em></strong></span> <span class='ocrx_word' id='word_1_70' title='bbox 1049 827 1078 872; x_wconf 87' lang='lat' dir='ltr'><strong><em>v.</em></strong></span> <span class='ocrx_word' id='word_1_71' title='bbox 1104 812 1159 872; x_wconf 84' lang='lat'><strong><em>94:</em></strong></span> <span class='ocrx_word' id='word_1_72' title='bbox 1188 807 1292 868; x_wconf 81' lang='lat' dir='ltr'><strong><em>Potine</em></strong></span> <span class='ocrx_word' id='word_1_73' title='bbox 1313 824 1406 880; x_wconf 74' lang='lat' dir='ltr'><strong><em>onom</em></strong></span> 
     </span>
     <span class='ocr_line' id='line_1_8' title="bbox 248 903 1405 984; baseline -0.005 -14"><span class='ocrx_word' id='word_1_74' title='bbox 248 917 278 970; x_wconf 86' lang='lat' dir='ltr'><strong><em>ts</em></strong></span> <span class='ocrx_word' id='word_1_75' title='bbox 308 909 456 968; x_wconf 89' lang='lat' dir='ltr'><strong><em>inimicum</em></strong></span> <span class='ocrx_word' id='word_1_76' title='bbox 484 908 623 982; x_wconf 72' lang='lat' dir='ltr'><strong><em>habeam,</em></strong></span> <span class='ocrx_word' id='word_1_77' title='bbox 651 907 757 968; x_wconf 85' lang='lat' dir='ltr'><strong><em>luciam</em></strong></span> <span class='ocrx_word' id='word_1_78' title='bbox 787 917 820 968; x_wconf 89' lang='lat' dir='ltr'><strong><em>ut</em></strong></span> <span class='ocrx_word' id='word_1_79' title='bbox 847 908 979 968; x_wconf 85' lang='lat' dir='ltr'><strong><em>iusseris.</em></strong></span> <span class='ocrx_word' id='word_1_80' title='bbox 1023 903 1083 979; x_wconf 92' lang='grc' dir='ltr'>ΙΙΙ,</span> <span class='ocrx_word' id='word_1_81' title='bbox 1108 911 1136 984; x_wconf 91' lang='grc'><strong><em>3,</em></strong></span> <span class='ocrx_word' id='word_1_82' title='bbox 1162 907 1197 968; x_wconf 80' lang='lat'><strong><em>5:</em></strong></span> <span class='ocrx_word' id='word_1_83' title='bbox 1220 905 1316 978; x_wconf 74' lang='lat' dir='ltr'><strong><em>Ropei</em></strong></span> <span class='ocrx_word' id='word_1_84' title='bbox 1336 905 1405 979; x_wconf 89' lang='lat' dir='ltr'><strong><em>quis</em></strong></span> 
     </span>
     <span class='ocr_line' id='line_1_9' title="bbox 244 1002 1404 1083; baseline 0.001 -18"><span class='ocrx_word' id='word_1_85' title='bbox 244 1007 328 1082; x_wconf 68' lang='lat' dir='ltr'><strong><em>*quid</em></strong></span> <span class='ocrx_word' id='word_1_86' title='bbox 350 1006 405 1064; x_wconf 88' lang='lat' dir='ltr'><strong><em>tibi</em></strong></span> <span class='ocrx_word' id='word_1_87' title='bbox 427 1004 601 1074; x_wconf 79' lang='lat' dir='ltr'><strong><em>cumillal&#39;</em></strong></span> <span class='ocrx_word' id='word_1_88' title='bbox 623 1003 789 1083; x_wconf 83' lang='lat' dir='ltr'><strong><em>:possit</em></strong></span> <span class='ocrx_word' id='word_1_89' title='bbox 810 1021 934 1082; x_wconf 81' lang='lat' dir='ltr'><strong><em>rogare.</em></strong></span> <span class='ocrx_word' id='word_1_90' title='bbox 959 1008 988 1082; x_wconf 81' lang='lat' dir='ltr'><strong><em>t,</em></strong></span> <span class='ocrx_word' id='word_1_91' title='bbox 1003 1007 1062 1066; x_wconf 86' lang='lat'><strong><em>43:</em></strong></span> <span class='ocrx_word' id='word_1_92' title='bbox 1085 1005 1150 1080; x_wconf 78' lang='lat' dir='ltr'><strong><em>Ego</em></strong></span> <span class='ocrx_word' id='word_1_93' title='bbox 1173 1002 1404 1066; x_wconf 78' lang='lat' dir='ltr'><strong><em>homunciones</em></strong></span> 
     </span>
     <span class='ocr_line' id='line_1_10' title="bbox 247 1098 1405 1180; baseline -0.006 -16"><span class='ocrx_word' id='word_1_94' title='bbox 247 1121 305 1164; x_wconf 91' lang='lat' dir='ltr'><strong><em>nou</em></strong></span> <span class='ocrx_word' id='word_1_95' title='bbox 327 1101 474 1174; x_wconf 78' lang='lat' dir='ltr'><strong><em>facerem?</em></strong></span> <span class='ocrx_word' id='word_1_96' title='bbox 518 1099 574 1179; x_wconf 87' lang='lat' dir='ltr'><strong><em>IV,</em></strong></span> <span class='ocrx_word' id='word_1_97' title='bbox 596 1107 630 1180; x_wconf 93' lang='lat'><strong><em>4,</em></strong></span> <span class='ocrx_word' id='word_1_98' title='bbox 655 1107 687 1165; x_wconf 83' lang='lat'><strong><em>7:</em></strong></span> <span class='ocrx_word' id='word_1_99' title='bbox 720 1103 828 1180; x_wconf 81' lang='lat' dir='ltr'>Quidni</span> <span class='ocrx_word' id='word_1_100' title='bbox 857 1101 1003 1161; x_wconf 76' lang='lat' dir='ltr'><strong><em>tuocum?</em></strong></span> <span class='ocrx_word' id='word_1_101' title='bbox 1047 1119 1074 1162; x_wconf 87' lang='lat' dir='ltr'><strong><em>v.</em></strong></span> <span class='ocrx_word' id='word_1_102' title='bbox 1100 1103 1157 1164; x_wconf 88' lang='lat'><strong><em>20:</em></strong></span> <span class='ocrx_word' id='word_1_103' title='bbox 1191 1100 1236 1162; x_wconf 86' lang='lat' dir='ltr'><strong><em>Ad</em></strong></span> <span class='ocrx_word' id='word_1_104' title='bbox 1267 1117 1319 1160; x_wconf 89' lang='lat' dir='ltr'><strong><em>nos</em></strong></span> <span class='ocrx_word' id='word_1_105' title='bbox 1351 1098 1405 1158; x_wconf 92' lang='lat' dir='ltr'><strong><em>de-</em></strong></span> 
     </span>
     <span class='ocr_line' id='line_1_11' title="bbox 238 1197 1404 1273; baseline -0.004 -13"><span class='ocrx_word' id='word_1_106' title='bbox 238 1202 353 1260; x_wconf 86' lang='lat' dir='ltr'><strong><em>ductus</em></strong></span> <span class='ocrx_word' id='word_1_107' title='bbox 377 1201 493 1260; x_wconf 88' lang='lat' dir='ltr'><strong><em>hodiest</em></strong></span> <span class='ocrx_word' id='word_1_108' title='bbox 516 1200 772 1272; x_wconf 85' lang='lat' dir='ltr'><strong><em>adulescentulus,</em></strong></span> <span class='ocrx_word' id='word_1_109' title='bbox 798 1201 891 1273; x_wconf 80' lang='lat' dir='ltr'><strong><em>Quem</em></strong></span> <span class='ocrx_word' id='word_1_110' title='bbox 915 1206 946 1258; x_wconf 85' lang='lat' dir='ltr'><strong><em>tu</em></strong></span> <span class='ocrx_word' id='word_1_111' title='bbox 968 1201 1070 1260; x_wconf 85' lang='lat' dir='ltr'><strong><em>videre</em></strong></span> <span class='ocrx_word' id='word_1_112' title='bbox 1095 1216 1164 1259; x_wconf 89' lang='lat' dir='ltr'><strong><em>vero</em></strong></span> <span class='ocrx_word' id='word_1_113' title='bbox 1184 1198 1284 1270; x_wconf 85' lang='lat' dir='ltr'><strong><em>celles,</em></strong></span> <span class='ocrx_word' id='word_1_114' title='bbox 1308 1197 1404 1256; x_wconf 85' lang='lat' dir='ltr'><strong><em>Phae·</em></strong></span> 
     </span>
     <span class='ocr_line' id='line_1_12' title="bbox 240 1295 1405 1371; baseline -0.001 -16"><span class='ocrx_word' id='word_1_115' title='bbox 240 1297 320 1356; x_wconf 79' lang='lat' dir='ltr'><strong><em>dria</em></strong></span> <span class='ocrx_word' id='word_1_116' title='bbox 368 1300 396 1370; x_wconf 81' lang='grc'><strong><em>7,</em></strong></span> <span class='ocrx_word' id='word_1_117' title='bbox 420 1301 474 1360; x_wconf 86' lang='grc'><strong><em>25;</em></strong></span> <span class='ocrx_word' id='word_1_118' title='bbox 506 1299 583 1371; x_wconf 79' lang='lat' dir='ltr'><strong><em>Quid</em></strong></span> <span class='ocrx_word' id='word_1_119' title='bbox 611 1315 677 1358; x_wconf 90' lang='lat' dir='ltr'><strong><em>cnm</em></strong></span> <span class='ocrx_word' id='word_1_120' title='bbox 705 1299 758 1356; x_wconf 91' lang='lat' dir='ltr'><strong><em>illo</em></strong></span> <span class='ocrx_word' id='word_1_121' title='bbox 781 1298 873 1370; x_wconf 77' lang='lat' dir='ltr'><strong><em>apos?</em></strong></span> <span class='ocrx_word' id='word_1_122' title='bbox 917 1314 946 1358; x_wconf 87' lang='lat' dir='ltr'><strong><em>v.</em></strong></span> <span class='ocrx_word' id='word_1_123' title='bbox 979 1299 1033 1359; x_wconf 88' lang='lat'><strong><em>38:</em></strong></span> <span class='ocrx_word' id='word_1_124' title='bbox 1065 1298 1130 1356; x_wconf 90' lang='lat' dir='ltr'><strong><em>Tun</em></strong></span> <span class='ocrx_word' id='word_1_125' title='bbox 1165 1314 1211 1356; x_wconf 91' lang='lat' dir='ltr'><strong><em>me</em></strong></span> <span class='ocrx_word' id='word_1_126' title='bbox 1241 1295 1405 1369; x_wconf 75' lang='lat' dir='ltr'><strong><em>prohibeas</em></strong></span> 
     </span>
     <span class='ocr_line' id='line_1_13' title="bbox 248 1389 1403 1474; baseline -0.003 -20"><span class='ocrx_word' id='word_1_127' title='bbox 248 1396 346 1455; x_wconf 88' lang='lat' dir='ltr'><strong><em>Meam</em></strong></span> <span class='ocrx_word' id='word_1_128' title='bbox 374 1413 409 1454; x_wconf 91' lang='lat' dir='ltr'><strong><em>ne</em></strong></span> <span class='ocrx_word' id='word_1_129' title='bbox 438 1395 577 1470; x_wconf 77' lang='lat' dir='ltr'><strong><em>tangam?</em></strong></span> <span class='ocrx_word' id='word_1_130' title='bbox 612 1391 643 1456; x_wconf 92' lang='lat' dir='ltr'><strong><em>h.</em></strong></span> <span class='ocrx_word' id='word_1_131' title='bbox 672 1409 699 1456; x_wconf 84' lang='lat' dir='ltr'><strong><em>e.</em></strong></span> <span class='ocrx_word' id='word_1_132' title='bbox 723 1399 757 1454; x_wconf 83' lang='lat' dir='ltr'><strong><em>tu</em></strong></span> <span class='ocrx_word' id='word_1_133' title='bbox 788 1391 866 1457; x_wconf 85' lang='lat' dir='ltr'><strong><em>dicis</em></strong></span> <span class='ocrx_word' id='word_1_134' title='bbox 894 1395 926 1456; x_wconf 83' lang='lat' dir='ltr'><strong><em>ie</em></strong></span> <span class='ocrx_word' id='word_1_135' title='bbox 956 1391 1039 1474; x_wconf 80' lang='lat' dir='ltr'><strong><em>yelle</em></strong></span> <span class='ocrx_word' id='word_1_136' title='bbox 1067 1409 1118 1456; x_wconf 81' lang='lat' dir='ltr'><strong><em>me</em></strong></span> <span class='ocrx_word' id='word_1_137' title='bbox 1147 1390 1315 1472; x_wconf 84' lang='lat' dir='ltr'><strong><em>prohibere</em></strong></span> <span class='ocrx_word' id='word_1_138' title='bbox 1340 1389 1403 1452; x_wconf 78' lang='lat'><strong><em>—·?</em></strong></span> 
     </span>
     <span class='ocr_line' id='line_1_14' title="bbox 247 1486 1403 1568; baseline -0.004 -14"><span class='ocrx_word' id='word_1_139' title='bbox 247 1489 285 1568; x_wconf 95' lang='lat' dir='ltr'><strong><em>V,</em></strong></span> <span class='ocrx_word' id='word_1_140' title='bbox 311 1495 343 1568; x_wconf 97' lang='grc'><strong><em>1,</em></strong></span> <span class='ocrx_word' id='word_1_141' title='bbox 367 1494 424 1554; x_wconf 78' lang='grc' dir='ltr'><strong><em>22ε</em></strong></span> <span class='ocrx_word' id='word_1_142' title='bbox 455 1510 541 1568; x_wconf 87' lang='lat' dir='ltr'><strong><em>quom</em></strong></span> <span class='ocrx_word' id='word_1_143' title='bbox 569 1493 707 1567; x_wconf 86' lang='lat' dir='ltr'><strong><em>aspicias.</em></strong></span> <span class='ocrx_word' id='word_1_144' title='bbox 759 1490 876 1554; x_wconf 85' lang='lat' dir='ltr'><strong><em>Heaut.</em></strong></span> <span class='ocrx_word' id='word_1_145' title='bbox 900 1486 930 1568; x_wconf 94' lang='lat' dir='ltr'><strong><em>I,</em></strong></span> <span class='ocrx_word' id='word_1_146' title='bbox 958 1493 1065 1567; x_wconf 83' lang='grc'>1,22;</span> <span class='ocrx_word' id='word_1_147' title='bbox 1097 1489 1131 1550; x_wconf 82' lang='lat' dir='ltr'><strong><em>st</em></strong></span> <span class='ocrx_word' id='word_1_148' title='bbox 1155 1492 1313 1551; x_wconf 86' lang='lat' dir='ltr'><strong><em>ennosin</em></strong></span> <span class='ocrx_word' id='word_1_149' title='bbox 1340 1490 1403 1549; x_wconf 92' lang='lat' dir='ltr'><strong><em>illis</em></strong></span> 
     </span>
     <span class='ocr_line' id='line_1_15' title="bbox 238 1586 1405 1666; baseline -0.001 -19"><span class='ocrx_word' id='word_1_150' title='bbox 238 1589 438 1658; x_wconf 74' lang='lat' dir='ltr'><strong><em>exercendis,</em></strong></span> <span class='ocrx_word' id='word_1_151' title='bbox 461 1592 528 1664; x_wconf 87' lang='lat' dir='ltr'><strong><em>plus</em></strong></span> <span class='ocrx_word' id='word_1_152' title='bbox 552 1605 632 1662; x_wconf 75' lang='lat' dir='ltr'><strong><em>ocos.</em></strong></span> <span class='ocrx_word' id='word_1_153' title='bbox 677 1605 706 1650; x_wconf 87' lang='lat' dir='ltr'><strong><em>v.</em></strong></span> <span class='ocrx_word' id='word_1_154' title='bbox 731 1591 771 1651; x_wconf 82' lang='grc'><strong><em>76</em></strong></span> <span class='ocrx_word' id='word_1_155' title='bbox 787 1604 869 1666; x_wconf 88' lang='lat' dir='ltr'><strong><em>sqq.:</em></strong></span> <span class='ocrx_word' id='word_1_156' title='bbox 897 1591 981 1661; x_wconf 89' lang='lat' dir='ltr'><strong><em>hem,</em></strong></span> <span class='ocrx_word' id='word_1_157' title='bbox 1004 1595 1050 1664; x_wconf 78' lang='lat' dir='ltr'><strong><em>tot</em></strong></span> <span class='ocrx_word' id='word_1_158' title='bbox 1071 1606 1138 1649; x_wconf 89' lang='lat' dir='ltr'><strong><em>mea</em></strong></span> <span class='ocrx_word' id='word_1_159' title='bbox 1160 1589 1257 1648; x_wconf 89' lang='lat' dir='ltr'><strong><em>Solius</em></strong></span> <span class='ocrx_word' id='word_1_160' title='bbox 1281 1586 1405 1647; x_wconf 85' lang='lat' dir='ltr'><strong><em>solliciti</em></strong></span> 
     </span>
     <span class='ocr_line' id='line_1_16' title="bbox 236 1683 1404 1762; baseline -0.003 -17"><span class='ocrx_word' id='word_1_161' title='bbox 236 1688 307 1746; x_wconf 83' lang='lat' dir='ltr'><strong><em>sint</em></strong></span> <span class='ocrx_word' id='word_1_162' title='bbox 335 1704 438 1753; x_wconf 85' lang='lat' dir='ltr'><strong><em>causa,</em></strong></span> <span class='ocrx_word' id='word_1_163' title='bbox 469 1691 502 1745; x_wconf 87' lang='lat' dir='ltr'><strong><em>ut</em></strong></span> <span class='ocrx_word' id='word_1_164' title='bbox 529 1704 575 1746; x_wconf 90' lang='lat' dir='ltr'><strong><em>me</em></strong></span> <span class='ocrx_word' id='word_1_165' title='bbox 604 1705 690 1749; x_wconf 88' lang='lat' dir='ltr'><strong><em>unum</em></strong></span> <span class='ocrx_word' id='word_1_166' title='bbox 719 1688 879 1762; x_wconf 74' lang='lat' dir='ltr'><strong><em>expleant?</em></strong></span> <span class='ocrx_word' id='word_1_167' title='bbox 923 1688 1060 1748; x_wconf 83' lang='lat' dir='ltr'><strong><em>Ancillae</em></strong></span> <span class='ocrx_word' id='word_1_168' title='bbox 1096 1693 1141 1748; x_wconf 89' lang='lat' dir='ltr'><strong><em>tot</em></strong></span> <span class='ocrx_word' id='word_1_169' title='bbox 1173 1702 1219 1746; x_wconf 92' lang='lat' dir='ltr'><strong><em>me</em></strong></span> <span class='ocrx_word' id='word_1_170' title='bbox 1254 1683 1404 1745; x_wconf 75' lang='lat' dir='ltr'><strong><em>vestisset?</em></strong></span> 
     </span>
     <span class='ocr_line' id='line_1_17' title="bbox 249 1784 1403 1862; baseline -0.002 -20"><span class='ocrx_word' id='word_1_171' title='bbox 249 1791 382 1858; x_wconf 86' lang='lat' dir='ltr'><strong><em>sumptus</em></strong></span> <span class='ocrx_word' id='word_1_172' title='bbox 417 1785 494 1844; x_wconf 87' lang='lat' dir='ltr'><strong><em>domi</em></strong></span> <span class='ocrx_word' id='word_1_173' title='bbox 522 1785 633 1845; x_wconf 86' lang='lat' dir='ltr'><strong><em>Tantos</em></strong></span> <span class='ocrx_word' id='word_1_174' title='bbox 667 1802 721 1858; x_wconf 79' lang='lat' dir='ltr'><strong><em>ego</em></strong></span> <span class='ocrx_word' id='word_1_175' title='bbox 758 1786 838 1845; x_wconf 88' lang='lat' dir='ltr'><strong><em>solus</em></strong></span> <span class='ocrx_word' id='word_1_176' title='bbox 867 1784 1003 1858; x_wconf 66' lang='lat' dir='ltr'><strong><em>sociem</em></strong></span> <span class='ocrx_word' id='word_1_177' title='bbox 1048 1787 1081 1854; x_wconf 75' lang='lat'><strong><em>2,</em></strong></span> <span class='ocrx_word' id='word_1_178' title='bbox 1111 1787 1150 1846; x_wconf 88' lang='grc'><strong><em>27</em></strong></span> <span class='ocrx_word' id='word_1_179' title='bbox 1165 1800 1226 1862; x_wconf 86' lang='lat' dir='ltr'><strong><em>sq.:</em></strong></span> <span class='ocrx_word' id='word_1_180' title='bbox 1259 1784 1403 1843; x_wconf 78' lang='lat' dir='ltr'><strong><em>Fortasse</em></strong></span> 
     </span>
     <span class='ocr_line' id='line_1_18' title="bbox 243 1881 1402 1956; baseline -0.002 -16"><span class='ocrx_word' id='word_1_181' title='bbox 243 1882 430 1955; x_wconf 85' lang='lat' dir='ltr'><strong><em>aliquantum</em></strong></span> <span class='ocrx_word' id='word_1_182' title='bbox 453 1882 582 1956; x_wconf 86' lang='lat' dir='ltr'><strong><em>iniquior</em></strong></span> <span class='ocrx_word' id='word_1_183' title='bbox 601 1889 666 1942; x_wconf 87' lang='lat' dir='ltr'><strong><em>erat</em></strong></span> <span class='ocrx_word' id='word_1_184' title='bbox 696 1887 819 1955; x_wconf 84' lang='lat' dir='ltr'><strong><em>prester</em></strong></span> <span class='ocrx_word' id='word_1_185' title='bbox 845 1885 909 1943; x_wconf 87' lang='lat' dir='ltr'><strong><em>eius</em></strong></span> <span class='ocrx_word' id='word_1_186' title='bbox 933 1882 1110 1942; x_wconf 81' lang='lat' dir='ltr'><strong><em>lubidinem:</em></strong></span> <span class='ocrx_word' id='word_1_187' title='bbox 1140 1881 1311 1942; x_wconf 81' lang='lat' dir='ltr'><strong><em>Poieretnr:</em></strong></span> <span class='ocrx_word' id='word_1_188' title='bbox 1336 1897 1402 1939; x_wconf 86' lang='lat' dir='ltr'><strong><em>uam</em></strong></span> 
     </span>
     <span class='ocr_line' id='line_1_19' title="bbox 238 1975 1403 2057; baseline 0.001 -20"><span class='ocrx_word' id='word_1_189' title='bbox 238 1995 331 2054; x_wconf 73' lang='lat' dir='ltr'><strong><em>quem</em></strong></span> <span class='ocrx_word' id='word_1_190' title='bbox 356 1977 460 2050; x_wconf 84' lang='lat' dir='ltr'><strong><em>ferret,</em></strong></span> <span class='ocrx_word' id='word_1_191' title='bbox 486 1980 510 2038; x_wconf 88' lang='lat' dir='ltr'><strong><em>si</em></strong></span> <span class='ocrx_word' id='word_1_192' title='bbox 532 1985 687 2053; x_wconf 84' lang='lat' dir='ltr'><strong><em>parentem</em></strong></span> <span class='ocrx_word' id='word_1_193' title='bbox 712 1995 769 2038; x_wconf 91' lang='lat' dir='ltr'><strong><em>non</em></strong></span> <span class='ocrx_word' id='word_1_194' title='bbox 792 1977 888 2040; x_wconf 80' lang='lat' dir='ltr'><strong><em>ferret</em></strong></span> <span class='ocrx_word' id='word_1_195' title='bbox 910 1979 1014 2040; x_wconf 83' lang='lat' dir='ltr'><strong><em>suom?</em></strong></span> <span class='ocrx_word' id='word_1_196' title='bbox 1057 1975 1126 2056; x_wconf 89' lang='lat'>111,</span> <span class='ocrx_word' id='word_1_197' title='bbox 1153 1983 1179 2057; x_wconf 92' lang='lat' dir='ltr'><strong><em>l,</em></strong></span> <span class='ocrx_word' id='word_1_198' title='bbox 1201 1982 1256 2041; x_wconf 85' lang='lat'><strong><em>43:</em></strong></span> <span class='ocrx_word' id='word_1_199' title='bbox 1281 1987 1403 2051; x_wconf 85' lang='lat' dir='ltr'><strong><em>satrapa</em></strong></span> 
     </span>
     <span class='ocr_line' id='line_1_20' title="bbox 234 2075 1403 2152; baseline 0.003 -21"><span class='ocrx_word' id='word_1_200' title='bbox 234 2075 272 2135; x_wconf 80' lang='lat' dir='ltr'><strong><em>‚si</em></strong></span> <span class='ocrx_word' id='word_1_201' title='bbox 292 2076 347 2136; x_wconf 85' lang='lat' dir='ltr'><strong><em>siel</em></strong></span> <span class='ocrx_word' id='word_1_202' title='bbox 369 2078 501 2150; x_wconf 83' lang='lat' dir='ltr'><strong><em>Amator,</em></strong></span> <span class='ocrx_word' id='word_1_203' title='bbox 526 2093 672 2149; x_wconf 87' lang='lat' dir='ltr'><strong><em>nunquam</em></strong></span> <span class='ocrx_word' id='word_1_204' title='bbox 697 2077 822 2136; x_wconf 82' lang='lat' dir='ltr'><strong><em>sufferre</em></strong></span> <span class='ocrx_word' id='word_1_205' title='bbox 845 2079 908 2137; x_wconf 90' lang='lat' dir='ltr'><strong><em>elus</em></strong></span> <span class='ocrx_word' id='word_1_206' title='bbox 931 2083 1065 2152; x_wconf 86' lang='lat' dir='ltr'><strong><em>sumptus</em></strong></span> <span class='ocrx_word' id='word_1_207' title='bbox 1087 2079 1182 2150; x_wconf 72' lang='lat' dir='ltr'><strong><em>ononi.</em></strong></span> <span class='ocrx_word' id='word_1_208' title='bbox 1230 2079 1259 2151; x_wconf 87' lang='lat'><strong><em>2,</em></strong></span> <span class='ocrx_word' id='word_1_209' title='bbox 1282 2080 1337 2138; x_wconf 87' lang='lat'><strong><em>45:</em></strong></span> <span class='ocrx_word' id='word_1_210' title='bbox 1363 2076 1403 2135; x_wconf 84' lang='lat' dir='ltr'><strong><em>Et</em></strong></span> 
     </span>
     <span class='ocr_line' id='line_1_21' title="bbox 245 2173 1400 2250; baseline 0 -19"><span class='ocrx_word' id='word_1_211' title='bbox 245 2189 283 2232; x_wconf 88' lang='lat' dir='ltr'><strong><em>ne</em></strong></span> <span class='ocrx_word' id='word_1_212' title='bbox 306 2190 361 2248; x_wconf 79' lang='lat' dir='ltr'><strong><em>ego</em></strong></span> <span class='ocrx_word' id='word_1_213' title='bbox 383 2178 423 2241; x_wconf 85' lang='lat' dir='ltr'><strong><em>te,</em></strong></span> <span class='ocrx_word' id='word_1_214' title='bbox 445 2173 472 2231; x_wconf 80' lang='lat' dir='ltr'><strong><em>si</em></strong></span> <span class='ocrx_word' id='word_1_215' title='bbox 493 2189 563 2232; x_wconf 87' lang='lat' dir='ltr'><strong><em>usus</em></strong></span> <span class='ocrx_word' id='word_1_216' title='bbox 586 2174 700 2240; x_wconf 77' lang='lat' dir='ltr'><strong><em>amici,</em></strong></span> <span class='ocrx_word' id='word_1_217' title='bbox 723 2174 882 2246; x_wconf 85' lang='lat' dir='ltr'><strong><em>Chremes,</em></strong></span> <span class='ocrx_word' id='word_1_218' title='bbox 905 2175 1049 2236; x_wconf 84' lang='lat' dir='ltr'><strong><em>Tractare</em></strong></span> <span class='ocrx_word' id='word_1_219' title='bbox 1066 2176 1189 2250; x_wconf 81' lang='lat' dir='ltr'><strong><em>possim.</em></strong></span> <span class='ocrx_word' id='word_1_220' title='bbox 1235 2174 1269 2247; x_wconf 87' lang='lat' dir='ltr'><strong><em>V,</em></strong></span> <span class='ocrx_word' id='word_1_221' title='bbox 1294 2176 1321 2249; x_wconf 91' lang='lat' dir='ltr'><strong><em>l,</em></strong></span> <span class='ocrx_word' id='word_1_222' title='bbox 1345 2175 1400 2236; x_wconf 86' lang='lat'><strong><em>43:</em></strong></span> 
     </span>
     <span class='ocr_line' id='line_1_22' title="bbox 247 2269 1401 2347; baseline 0.003 -19"><span class='ocrx_word' id='word_1_223' title='bbox 247 2270 324 2343; x_wconf 79' lang='lat' dir='ltr'><strong><em>Quot</em></strong></span> <span class='ocrx_word' id='word_1_224' title='bbox 346 2288 396 2329; x_wconf 88' lang='lat' dir='ltr'><strong><em>res</em></strong></span> <span class='ocrx_word' id='word_1_225' title='bbox 420 2271 540 2342; x_wconf 88' lang='lat' dir='ltr'><strong><em>dedere,</em></strong></span> <span class='ocrx_word' id='word_1_226' title='bbox 564 2271 614 2330; x_wconf 91' lang='lat' dir='ltr'><strong><em>ubi</em></strong></span> <span class='ocrx_word' id='word_1_227' title='bbox 631 2287 748 2344; x_wconf 79' lang='lat' dir='ltr'><strong><em>possem</em></strong></span> <span class='ocrx_word' id='word_1_228' title='bbox 768 2273 1000 2347; x_wconf 80' lang='lat' dir='ltr'><strong><em>persentiscere,</em></strong></span> <span class='ocrx_word' id='word_1_229' title='bbox 1025 2269 1073 2334; x_wconf 82' lang='lat' dir='ltr'><strong><em>Ni</em></strong></span> <span class='ocrx_word' id='word_1_230' title='bbox 1095 2289 1185 2334; x_wconf 86' lang='lat' dir='ltr'><strong><em>essem</em></strong></span> <span class='ocrx_word' id='word_1_231' title='bbox 1209 2273 1294 2346; x_wconf 86' lang='lat' dir='ltr'><strong><em>lapis.</em></strong></span> <span class='ocrx_word' id='word_1_232' title='bbox 1319 2273 1401 2346; x_wconf 70' lang='lat'><strong><em>30:</em></strong></span> 
     </span>
     <span class='ocr_line' id='line_1_23' title="bbox 233 2367 1400 2445; baseline 0.001 -20"><span class='ocrx_word' id='word_1_233' title='bbox 233 2367 271 2428; x_wconf 75' lang='lat' dir='ltr'><strong><em>‚se‘</em></strong></span> <span class='ocrx_word' id='word_1_234' title='bbox 291 2384 390 2442; x_wconf 77' lang='lat' dir='ltr'><strong><em>rooccn</em></strong></span> <span class='ocrx_word' id='word_1_235' title='bbox 412 2370 479 2442; x_wconf 88' lang='lat' dir='ltr'><strong><em>iam,</em></strong></span> <span class='ocrx_word' id='word_1_236' title='bbox 504 2369 572 2444; x_wconf 88' lang='lat' dir='ltr'><strong><em>quid</em></strong></span> <span class='ocrx_word' id='word_1_237' title='bbox 596 2375 644 2428; x_wconf 89' lang='lat' dir='ltr'><strong><em>est</em></strong></span> <span class='ocrx_word' id='word_1_238' title='bbox 665 2370 744 2443; x_wconf 88' lang='lat' dir='ltr'><strong><em>quod</em></strong></span> <span class='ocrx_word' id='word_1_239' title='bbox 758 2387 891 2444; x_wconf 86' lang='lat' dir='ltr'><strong><em>peccem,</em></strong></span> <span class='ocrx_word' id='word_1_240' title='bbox 915 2375 1066 2445; x_wconf 82' lang='lat' dir='ltr'><strong><em>uniquam</em></strong></span> <span class='ocrx_word' id='word_1_241' title='bbox 1091 2372 1193 2430; x_wconf 77' lang='lat' dir='ltr'><strong><em>obrem</em></strong></span> <span class='ocrx_word' id='word_1_242' title='bbox 1210 2373 1265 2430; x_wconf 89' lang='lat' dir='ltr'><strong><em>hoe</em></strong></span> <span class='ocrx_word' id='word_1_243' title='bbox 1281 2368 1400 2440; x_wconf 85' lang='lat' dir='ltr'><strong><em>faciam,</em></strong></span> 
     </span>
     <span class='ocr_line' id='line_1_24' title="bbox 243 2466 1402 2544; baseline 0.001 -21"><span class='ocrx_word' id='word_1_244' title='bbox 243 2466 365 2544; x_wconf 79' lang='lat' dir='ltr'><strong><em>nescios.</em></strong></span> <span class='ocrx_word' id='word_1_245' title='bbox 410 2482 439 2527; x_wconf 87' lang='lat' dir='ltr'><strong><em>v.</em></strong></span> <span class='ocrx_word' id='word_1_246' title='bbox 473 2468 522 2526; x_wconf 91' lang='lat'><strong><em>14:</em></strong></span> <span class='ocrx_word' id='word_1_247' title='bbox 557 2467 641 2541; x_wconf 79' lang='lat' dir='ltr'><strong><em>Egon</em></strong></span> <span class='ocrx_word' id='word_1_248' title='bbox 670 2467 811 2538; x_wconf 74' lang='lat' dir='ltr'><strong><em>confitear</em></strong></span> <span class='ocrx_word' id='word_1_249' title='bbox 837 2484 932 2526; x_wconf 87' lang='lat' dir='ltr'><strong><em>meum</em></strong></span> <span class='ocrx_word' id='word_1_250' title='bbox 967 2485 1024 2528; x_wconf 88' lang='lat' dir='ltr'><strong><em>uon</em></strong></span> <span class='ocrx_word' id='word_1_251' title='bbox 1052 2485 1118 2528; x_wconf 87' lang='lat' dir='ltr'><strong><em>esse</em></strong></span> <span class='ocrx_word' id='word_1_252' title='bbox 1146 2467 1253 2540; x_wconf 88' lang='lat' dir='ltr'><strong><em>fillum,</em></strong></span> <span class='ocrx_word' id='word_1_253' title='bbox 1283 2467 1334 2542; x_wconf 88' lang='lat' dir='ltr'><strong><em>qui</em></strong></span> <span class='ocrx_word' id='word_1_254' title='bbox 1363 2466 1402 2526; x_wconf 84' lang='lat' dir='ltr'><strong><em>sit</em></strong></span> 
     </span>
     <span class='ocr_line' id='line_1_25' title="bbox 246 2563 1401 2640; baseline 0.004 -20"><span class='ocrx_word' id='word_1_255' title='bbox 246 2563 349 2621; x_wconf 78' lang='lat' dir='ltr'><strong><em>meus?</em></strong></span> <span class='ocrx_word' id='word_1_256' title='bbox 393 2564 429 2637; x_wconf 84' lang='lat'><strong><em>4,</em></strong></span> <span class='ocrx_word' id='word_1_257' title='bbox 456 2566 486 2623; x_wconf 92' lang='lat' dir='ltr'><strong><em>l:</em></strong></span> <span class='ocrx_word' id='word_1_258' title='bbox 514 2563 545 2620; x_wconf 81' lang='lat' dir='ltr'><strong><em>Si</em></strong></span> <span class='ocrx_word' id='word_1_259' title='bbox 573 2581 707 2637; x_wconf 81' lang='lat' dir='ltr'><strong><em>umquem</em></strong></span> <span class='ocrx_word' id='word_1_260' title='bbox 739 2566 831 2625; x_wconf 86' lang='lat' dir='ltr'><strong><em>ullum</em></strong></span> <span class='ocrx_word' id='word_1_261' title='bbox 859 2563 914 2623; x_wconf 84' lang='lat' dir='ltr'><strong><em>luit</em></strong></span> <span class='ocrx_word' id='word_1_262' title='bbox 941 2571 1072 2640; x_wconf 86' lang='lat' dir='ltr'><strong><em>tempus,</em></strong></span> <span class='ocrx_word' id='word_1_263' title='bbox 1104 2574 1213 2636; x_wconf 83' lang='lat' dir='ltr'><strong><em>mater,</em></strong></span> <span class='ocrx_word' id='word_1_264' title='bbox 1236 2581 1324 2636; x_wconf 77' lang='lat' dir='ltr'><strong><em>onon</em></strong></span> <span class='ocrx_word' id='word_1_265' title='bbox 1347 2580 1401 2638; x_wconf 79' lang='lat' dir='ltr'><strong><em>ego</em></strong></span> 
     </span>
     <span class='ocr_line' id='line_1_26' title="bbox 246 2656 1400 2740; baseline 0.006 -22"><span class='ocrx_word' id='word_1_266' title='bbox 246 2659 391 2733; x_wconf 79' lang='lat' dir='ltr'><strong><em>voluptati</em></strong></span> <span class='ocrx_word' id='word_1_267' title='bbox 422 2659 476 2718; x_wconf 86' lang='lat' dir='ltr'><strong><em>tibi</em></strong></span> <span class='ocrx_word' id='word_1_268' title='bbox 508 2660 643 2719; x_wconf 82' lang='lat' dir='ltr'><strong><em>Fuerim.</em></strong></span> <span class='ocrx_word' id='word_1_269' title='bbox 688 2656 816 2722; x_wconf 87' lang='lat' dir='ltr'><strong><em>Phorm.</em></strong></span> <span class='ocrx_word' id='word_1_270' title='bbox 854 2659 885 2738; x_wconf 91' lang='lat'><strong><em>1,</em></strong></span> <span class='ocrx_word' id='word_1_271' title='bbox 917 2663 953 2740; x_wconf 86' lang='lat'><strong><em>2,</em></strong></span> <span class='ocrx_word' id='word_1_272' title='bbox 982 2665 1035 2725; x_wconf 86' lang='lat'><strong><em>54:</em></strong></span> <span class='ocrx_word' id='word_1_273' title='bbox 1071 2681 1129 2738; x_wconf 91' lang='lat' dir='ltr'><strong><em>quo</em></strong></span> <span class='ocrx_word' id='word_1_274' title='bbox 1162 2665 1254 2738; x_wconf 84' lang='lat' dir='ltr'><strong><em>magis</em></strong></span> <span class='ocrx_word' id='word_1_275' title='bbox 1282 2663 1400 2725; x_wconf 83' lang='lat' dir='ltr'><strong><em>diceres.</em></strong></span> 
     </span>
     <span class='ocr_line' id='line_1_27' title="bbox 234 2759 772 2819; baseline 0 -3"><span class='ocrx_word' id='word_1_276' title='bbox 234 2772 274 2816; x_wconf 91' lang='lat' dir='ltr'><strong><em>·v.</em></strong></span> <span class='ocrx_word' id='word_1_277' title='bbox 299 2759 354 2819; x_wconf 84' lang='lat'><strong><em>69:</em></strong></span> <span class='ocrx_word' id='word_1_278' title='bbox 770 2813 772 2816; x_wconf 84' lang='lat'>.</span> 
     </span>
     <span class='ocr_line' id='line_1_28' title="bbox 421 2841 1178 2932; baseline 0.003 -18"><span class='ocrx_word' id='word_1_279' title='bbox 421 2841 428 2847; x_wconf 68' lang='grc'><strong>’</strong></span> <span class='ocrx_word' id='word_1_280' title='bbox 475 2856 551 2928; x_wconf 80' lang='lat' dir='ltr'><strong><em>Non,</em></strong></span> <span class='ocrx_word' id='word_1_281' title='bbox 574 2856 601 2915; x_wconf 86' lang='lat' dir='ltr'><strong><em>sc&#39;</em></strong></span> <span class='ocrx_word' id='word_1_282' title='bbox 622 2855 752 2932; x_wconf 79' lang='lat' dir='ltr'><strong><em>redisset,</em></strong></span> <span class='ocrx_word' id='word_1_283' title='bbox 776 2857 803 2914; x_wconf 91' lang='lat' dir='ltr'><strong><em>ei</em></strong></span> <span class='ocrx_word' id='word_1_284' title='bbox 824 2866 912 2930; x_wconf 88' lang='lat' dir='ltr'><strong><em>pater</em></strong></span> <span class='ocrx_word' id='word_1_285' title='bbox 935 2858 1050 2918; x_wconf 86' lang='lat' dir='ltr'><strong><em>veniam</em></strong></span> <span class='ocrx_word' id='word_1_286' title='bbox 1072 2857 1178 2918; x_wconf 79' lang='lat' dir='ltr'><strong><em>dcccl?</em></strong></span> 
     </span>
     <span class='ocr_line' id='line_1_29' title="bbox 383 2947 1186 3030; baseline 0.002 -18"><span class='ocrx_word' id='word_1_287' title='bbox 383 2947 450 3023; x_wconf 81' lang='lat' dir='ltr'><strong><em>GE.</em></strong></span> <span class='ocrx_word' id='word_1_288' title='bbox 475 2953 529 3012; x_wconf 92' lang='lat' dir='ltr'><strong><em>Ille</em></strong></span> <span class='ocrx_word' id='word_1_289' title='bbox 554 2953 715 3014; x_wconf 84' lang='lat' dir='ltr'><strong><em>indotatam</em></strong></span> <span class='ocrx_word' id='word_1_290' title='bbox 744 2955 884 3030; x_wconf 78' lang='lat' dir='ltr'><strong><em>virginem</em></strong></span> <span class='ocrx_word' id='word_1_291' title='bbox 914 2961 1002 3029; x_wconf 88' lang='lat' dir='ltr'><strong><em>etque</em></strong></span> <span class='ocrx_word' id='word_1_292' title='bbox 1026 2957 1186 3030; x_wconf 82' lang='lat' dir='ltr'><strong><em>ignobilem</em></strong></span> 
     </span>
     <span class='ocr_line' id='line_1_30' title="bbox 473 3049 984 3123; baseline 0.01 -15"><span class='ocrx_word' id='word_1_293' title='bbox 473 3050 572 3109; x_wconf 83' lang='lat' dir='ltr'><strong><em>Docet</em></strong></span> <span class='ocrx_word' id='word_1_294' title='bbox 592 3049 657 3110; x_wconf 82' lang='lat' dir='ltr'><strong><em>illl?</em></strong></span> <span class='ocrx_word' id='word_1_295' title='bbox 689 3067 844 3123; x_wconf 78' lang='lat' dir='ltr'><strong><em>numquam</em></strong></span> <span class='ocrx_word' id='word_1_296' title='bbox 866 3049 984 3123; x_wconf 79' lang='lat' dir='ltr'><strong><em>faceret.</em></strong></span> 
     </span>
    </p>
   </div>
   <div class='ocr_carea' id='block_1_3' title="bbox 207 3123 1401 3226">
    <p class='ocr_par' dir='ltr' id='par_1_3' title="bbox 207 3087 1526 3228">
     <span class='ocr_line' id='line_1_31' title="bbox 207 3123 1401 3226; baseline 0.002 -20"><span class='ocrx_word' id='word_1_297' title='bbox 207 3123 211 3132; x_wconf 36' lang='grc' dir='ltr'>Ι</span> <span class='ocrx_word' id='word_1_298' title='bbox 243 3148 272 3220; x_wconf 92' lang='grc'><strong><em>4,</em></strong></span> <span class='ocrx_word' id='word_1_299' title='bbox 297 3147 331 3206; x_wconf 88' lang='grc'><strong><em>9;</em></strong></span> <span class='ocrx_word' id='word_1_300' title='bbox 353 3163 480 3220; x_wconf 78' lang='lat' dir='ltr'><strong><em>pnrpcm</em></strong></span> <span class='ocrx_word' id='word_1_301' title='bbox 507 3148 575 3207; x_wconf 83' lang='lat' dir='ltr'><strong><em>me?</em></strong></span> <span class='ocrx_word' id='word_1_302' title='bbox 602 3150 725 3207; x_wconf 83' lang='lat' dir='ltr'><strong><em>laterem</em></strong></span> <span class='ocrx_word' id='word_1_303' title='bbox 755 3147 858 3207; x_wconf 75' lang='lat' dir='ltr'><strong><em>lacem</em></strong></span> <span class='ocrx_word' id='word_1_304' title='bbox 908 3145 956 3223; x_wconf 90' lang='grc' dir='ltr'><strong><em>ΙΙ,</em></strong></span> <span class='ocrx_word' id='word_1_305' title='bbox 990 3152 1024 3226; x_wconf 77' lang='lat' dir='ltr'><strong><em>lr,</em></strong></span> <span class='ocrx_word' id='word_1_306' title='bbox 1049 3151 1103 3212; x_wconf 92' lang='lat'><strong><em>30:</em></strong></span> <span class='ocrx_word' id='word_1_307' title='bbox 1143 3151 1227 3226; x_wconf 78' lang='lat' dir='ltr'><strong><em>Egon</em></strong></span> <span class='ocrx_word' id='word_1_308' title='bbox 1261 3149 1307 3207; x_wconf 91' lang='lat' dir='ltr'><strong><em>illi</em></strong></span> <span class='ocrx_word' id='word_1_309' title='bbox 1343 3166 1401 3209; x_wconf 90' lang='lat' dir='ltr'><strong><em>uon</em></strong></span> 
     </span>
    </p>
   </div>
   <div class='ocr_carea' id='block_1_4' title="bbox 203 3237 1524 3333">
    <p class='ocr_par' dir='ltr' id='par_1_4' title="bbox 203 3237 1524 3333">
     <span class='ocr_line' id='line_1_32' title="bbox 203 3237 1524 3333; baseline 0.002 -31"><span class='ocrx_word' id='word_1_310' title='bbox 203 3237 206 3244; x_wconf 85' lang='lat'>&#39;</span> <span class='ocrx_word' id='word_1_311' title='bbox 242 3243 446 3302; x_wconf 77' lang='lat' dir='ltr'><strong><em>suscenseam?</em></strong></span> <span class='ocrx_word' id='word_1_312' title='bbox 492 3247 525 3321; x_wconf 88' lang='lat'><strong><em>3,</em></strong></span> <span class='ocrx_word' id='word_1_313' title='bbox 555 3247 610 3306; x_wconf 86' lang='grc'><strong><em>22;</em></strong></span> <span class='ocrx_word' id='word_1_314' title='bbox 637 3244 671 3302; x_wconf 83' lang='lat' dir='ltr'><strong><em>ni</em></strong></span> <span class='ocrx_word' id='word_1_315' title='bbox 702 3245 745 3303; x_wconf 87' lang='lat' dir='ltr'><strong><em>its</em></strong></span> <span class='ocrx_word' id='word_1_316' title='bbox 779 3264 843 3304; x_wconf 88' lang='lat' dir='ltr'><strong><em>eum</em></strong></span> <span class='ocrx_word' id='word_1_317' title='bbox 880 3245 1305 3320; x_wconf 60' lang='lat' dir='ltr'><strong><em>ecc&#39;sinmossem,.»numquam</em></strong></span> <span class='ocrx_word' id='word_1_318' title='bbox 1339 3253 1401 3304; x_wconf 86' lang='lat' dir='ltr'><strong><em>tem</em></strong></span> <span class='ocrx_word' id='word_1_319' title='bbox 1523 3301 1524 3333; x_wconf 58' lang='lat'>,</span> 
     </span>
    </p>
   </div>
   <div class='ocr_carea' id='block_1_5' title="bbox 241 3339 1402 4201">
    <p class='ocr_par' dir='ltr' id='par_1_5' title="bbox 241 3339 1402 4201">
     <span class='ocr_line' id='line_1_33' title="bbox 244 3339 1401 3421; baseline 0.005 -25"><span class='ocrx_word' id='word_1_320' title='bbox 244 3339 342 3412; x_wconf 78' lang='lat' dir='ltr'><strong><em>gravis</em></strong></span> <span class='ocrx_word' id='word_1_321' title='bbox 373 3340 518 3410; x_wconf 73' lang='grc'>044444</span> <span class='ocrx_word' id='word_1_322' title='bbox 548 3343 719 3402; x_wconf 88' lang='lat' dir='ltr'><strong><em>inimicitias</em></strong></span> <span class='ocrx_word' id='word_1_323' title='bbox 746 3359 886 3416; x_wconf 80' lang='lat' dir='ltr'><strong><em>caperem.</em></strong></span> <span class='ocrx_word' id='word_1_324' title='bbox 939 3340 1006 3420; x_wconf 93' lang='grc' dir='ltr'>ΙΙΙ,</span> <span class='ocrx_word' id='word_1_325' title='bbox 1032 3348 1064 3420; x_wconf 88' lang='lat'><strong><em>3,</em></strong></span> <span class='ocrx_word' id='word_1_326' title='bbox 1097 3348 1129 3405; x_wconf 82' lang='lat' dir='ltr'><strong><em>l:</em></strong></span> <span class='ocrx_word' id='word_1_327' title='bbox 1161 3345 1235 3421; x_wconf 78' lang='lat' dir='ltr'><strong><em>Quid</em></strong></span> <span class='ocrx_word' id='word_1_328' title='bbox 1265 3341 1401 3414; x_wconf 76' lang='lat' dir='ltr'><strong><em>facicm?</em></strong></span> 
     </span>
     <span class='ocr_line' id='line_1_34' title="bbox 243 3431 1402 3524; baseline 0.006 -29"><span class='ocrx_word' id='word_1_329' title='bbox 243 3431 280 3510; x_wconf 93' lang='lat' dir='ltr'><strong><em>V,</em></strong></span> <span class='ocrx_word' id='word_1_330' title='bbox 308 3437 334 3511; x_wconf 96' lang='lat'><strong><em>1,</em></strong></span> <span class='ocrx_word' id='word_1_331' title='bbox 359 3438 414 3497; x_wconf 87' lang='lat'><strong><em>31:</em></strong></span> <span class='ocrx_word' id='word_1_332' title='bbox 446 3455 531 3512; x_wconf 80' lang='lat' dir='ltr'><strong><em>quem</em></strong></span> <span class='ocrx_word' id='word_1_333' title='bbox 561 3456 649 3513; x_wconf 84' lang='lat' dir='ltr'><strong><em>saepe</em></strong></span> <span class='ocrx_word' id='word_1_334' title='bbox 679 3439 756 3499; x_wconf 81' lang='lat' dir='ltr'><strong><em>loris</em></strong></span> <span class='ocrx_word' id='word_1_335' title='bbox 785 3446 897 3499; x_wconf 79' lang='lat' dir='ltr'><strong><em>tenuere</em></strong></span> <span class='ocrx_word' id='word_1_336' title='bbox 921 3441 1069 3524; x_wconf 87' lang='lat' dir='ltr'><strong><em>Eveniunt</em></strong></span> <span class='ocrx_word' id='word_1_337' title='bbox 1098 3460 1173 3516; x_wconf 86' lang='lat' dir='ltr'><strong><em>quae</em></strong></span> <span class='ocrx_word' id='word_1_338' title='bbox 1203 3459 1259 3500; x_wconf 92' lang='lat' dir='ltr'><strong><em>non</em></strong></span> <span class='ocrx_word' id='word_1_339' title='bbox 1288 3441 1402 3502; x_wconf 77' lang='lat' dir='ltr'><strong><em>ondens</em></strong></span> 
     </span>
     <span class='ocr_line' id='line_1_35' title="bbox 244 3528 1398 3614; baseline 0.005 -24"><span class='ocrx_word' id='word_1_340' title='bbox 244 3528 365 3605; x_wconf 82' lang='lat' dir='ltr'><strong><em>optare!</em></strong></span> <span class='ocrx_word' id='word_1_341' title='bbox 396 3530 473 3596; x_wconf 81' lang='lat' dir='ltr'><strong><em>Hes.</em></strong></span> <span class='ocrx_word' id='word_1_342' title='bbox 496 3531 539 3612; x_wconf 92' lang='grc' dir='ltr'><strong><em>ΙΙ,</em></strong></span> <span class='ocrx_word' id='word_1_343' title='bbox 565 3539 593 3612; x_wconf 93' lang='lat'><strong><em>1,</em></strong></span> <span class='ocrx_word' id='word_1_344' title='bbox 618 3539 671 3600; x_wconf 89' lang='lat'><strong><em>33:</em></strong></span> <span class='ocrx_word' id='word_1_345' title='bbox 696 3539 724 3595; x_wconf 92' lang='lat' dir='ltr'><strong><em>in</em></strong></span> <span class='ocrx_word' id='word_1_346' title='bbox 750 3546 779 3596; x_wconf 87' lang='lat' dir='ltr'><strong><em>te</em></strong></span> <span class='ocrx_word' id='word_1_347' title='bbox 803 3539 898 3598; x_wconf 87' lang='lat' dir='ltr'><strong><em>omnis</em></strong></span> <span class='ocrx_word' id='word_1_348' title='bbox 921 3540 1025 3598; x_wconf 86' lang='lat' dir='ltr'><strong><em>haeret</em></strong></span> <span class='ocrx_word' id='word_1_349' title='bbox 1050 3539 1138 3614; x_wconf 83' lang='lat' dir='ltr'><strong><em>culpa</em></strong></span> <span class='ocrx_word' id='word_1_350' title='bbox 1154 3539 1227 3612; x_wconf 85' lang='lat' dir='ltr'><strong><em>sole,</em></strong></span> <span class='ocrx_word' id='word_1_351' title='bbox 1251 3539 1398 3600; x_wconf 84' lang='lat' dir='ltr'><strong><em>Sostrata.</em></strong></span> 
     </span>
     <span class='ocr_line' id='line_1_36' title="bbox 245 3627 1400 3712; baseline 0.008 -26"><span class='ocrx_word' id='word_1_352' title='bbox 245 3627 327 3699; x_wconf 75' lang='lat' dir='ltr'><strong><em>Quae</em></strong></span> <span class='ocrx_word' id='word_1_353' title='bbox 352 3630 401 3689; x_wconf 79' lang='lat' dir='ltr'><strong><em>llic</em></strong></span> <span class='ocrx_word' id='word_1_354' title='bbox 425 3627 520 3703; x_wconf 83' lang='lat' dir='ltr'><strong><em>erunt,</em></strong></span> <span class='ocrx_word' id='word_1_355' title='bbox 544 3649 674 3704; x_wconf 81' lang='lat' dir='ltr'><strong><em>curares.</em></strong></span> <span class='ocrx_word' id='word_1_356' title='bbox 721 3631 784 3710; x_wconf 89' lang='grc' dir='ltr'>ΙΙΙ,</span> <span class='ocrx_word' id='word_1_357' title='bbox 807 3639 842 3711; x_wconf 86' lang='grc'>4,</span> <span class='ocrx_word' id='word_1_358' title='bbox 868 3637 907 3696; x_wconf 92' lang='grc'><strong><em>10</em></strong></span> <span class='ocrx_word' id='word_1_359' title='bbox 923 3651 984 3712; x_wconf 88' lang='lat' dir='ltr'><strong><em>sq.:</em></strong></span> <span class='ocrx_word' id='word_1_360' title='bbox 1017 3638 1152 3711; x_wconf 89' lang='lat' dir='ltr'><strong><em>Denique</em></strong></span> <span class='ocrx_word' id='word_1_361' title='bbox 1182 3637 1285 3696; x_wconf 82' lang='lat' dir='ltr'><strong><em>hercle</em></strong></span> <span class='ocrx_word' id='word_1_362' title='bbox 1310 3634 1400 3708; x_wconf 81' lang='lat' dir='ltr'><strong><em>onfn·</em></strong></span> 
     </span>
     <span class='ocr_line' id='line_1_37' title="bbox 241 3726 1399 3808; baseline 0.009 -24"><span class='ocrx_word' id='word_1_363' title='bbox 241 3726 337 3795; x_wconf 75' lang='lat' dir='ltr'><strong><em>ocrim</em></strong></span> <span class='ocrx_word' id='word_1_364' title='bbox 359 3729 460 3790; x_wconf 88' lang='lat' dir='ltr'><strong><em>Potius</em></strong></span> <span class='ocrx_word' id='word_1_365' title='bbox 484 3735 578 3802; x_wconf 82' lang='lat' dir='ltr'><strong><em>quam</em></strong></span> <span class='ocrx_word' id='word_1_366' title='bbox 593 3730 717 3792; x_wconf 77' lang='lat' dir='ltr'><strong><em>redeam</em></strong></span> <span class='ocrx_word' id='word_1_367' title='bbox 749 3729 803 3800; x_wconf 84' lang='lat' dir='ltr'><strong><em>lv,</em></strong></span> <span class='ocrx_word' id='word_1_368' title='bbox 828 3735 930 3808; x_wconf 85' lang='lat'>2,13:</span> <span class='ocrx_word' id='word_1_369' title='bbox 955 3751 992 3793; x_wconf 84' lang='lat' dir='ltr'><strong><em>ex</em></strong></span> <span class='ocrx_word' id='word_1_370' title='bbox 1008 3735 1079 3794; x_wconf 86' lang='lat' dir='ltr'><strong><em>urbe</em></strong></span> <span class='ocrx_word' id='word_1_371' title='bbox 1104 3741 1135 3794; x_wconf 86' lang='lat' dir='ltr'><strong><em>tu</em></strong></span> <span class='ocrx_word' id='word_1_372' title='bbox 1157 3753 1209 3793; x_wconf 89' lang='lat' dir='ltr'><strong><em>rus</em></strong></span> <span class='ocrx_word' id='word_1_373' title='bbox 1234 3736 1399 3794; x_wconf 86' lang='lat' dir='ltr'><strong><em>habitatum</em></strong></span> 
     </span>
     <span class='ocr_line' id='line_1_38' title="bbox 243 3805 1399 3905; baseline 0.005 -23"><span class='ocrx_word' id='word_1_374' title='bbox 243 3821 374 3894; x_wconf 71' lang='lat' dir='ltr'><strong><em>micres?</em></strong></span> <span class='ocrx_word' id='word_1_375' title='bbox 418 3823 455 3902; x_wconf 94' lang='lat' dir='ltr'><strong><em>V,</em></strong></span> <span class='ocrx_word' id='word_1_376' title='bbox 482 3828 508 3893; x_wconf 91' lang='lat' dir='ltr'><strong><em>l,</em></strong></span> <span class='ocrx_word' id='word_1_377' title='bbox 536 3827 588 3887; x_wconf 85' lang='lat'><strong><em>16:</em></strong></span> <span class='ocrx_word' id='word_1_378' title='bbox 616 3829 690 3888; x_wconf 84' lang='lat' dir='ltr'><strong><em>Nam</em></strong></span> <span class='ocrx_word' id='word_1_379' title='bbox 722 3805 1155 3904; x_wconf 72' lang='grc'><strong><em>144144411441441141441444</em></strong></span> <span class='ocrx_word' id='word_1_380' title='bbox 1188 3851 1218 3889; x_wconf 84' lang='lat' dir='ltr'><strong><em>sc</em></strong></span> <span class='ocrx_word' id='word_1_381' title='bbox 1246 3835 1399 3905; x_wconf 75' lang='lat' dir='ltr'><strong><em>eapnnpct,</em></strong></span> 
     </span>
     <span class='ocr_line' id='line_1_39' title="bbox 243 3921 1399 4006; baseline 0.009 -28"><span class='ocrx_word' id='word_1_382' title='bbox 243 3936 347 3992; x_wconf 89' lang='lat' dir='ltr'><strong><em>parum</em></strong></span> <span class='ocrx_word' id='word_1_383' title='bbox 378 3923 416 3980; x_wconf 93' lang='lat' dir='ltr'><strong><em>mi</em></strong></span> <span class='ocrx_word' id='word_1_384' title='bbox 437 3923 544 3994; x_wconf 82' lang='lat' dir='ltr'><strong><em>prosit.</em></strong></span> <span class='ocrx_word' id='word_1_385' title='bbox 596 3921 728 4003; x_wconf 82' lang='lat' dir='ltr'><strong><em>Adelph.</em></strong></span> <span class='ocrx_word' id='word_1_386' title='bbox 752 3923 784 4000; x_wconf 90' lang='lat'><strong><em>1,</em></strong></span> <span class='ocrx_word' id='word_1_387' title='bbox 813 3931 843 4002; x_wconf 93' lang='lat' dir='ltr'><strong><em>l,</em></strong></span> <span class='ocrx_word' id='word_1_388' title='bbox 867 3931 908 3990; x_wconf 85' lang='lat'><strong><em>40</em></strong></span> <span class='ocrx_word' id='word_1_389' title='bbox 932 3944 1015 4006; x_wconf 88' lang='lat' dir='ltr'><strong><em>sqq.:</em></strong></span> <span class='ocrx_word' id='word_1_390' title='bbox 1047 3929 1087 3986; x_wconf 86' lang='lat' dir='ltr'><strong><em>Et</em></strong></span> <span class='ocrx_word' id='word_1_391' title='bbox 1111 3935 1193 3990; x_wconf 84' lang='lat' dir='ltr'><strong><em>errat</em></strong></span> <span class='ocrx_word' id='word_1_392' title='bbox 1220 3931 1307 4006; x_wconf 86' lang='lat' dir='ltr'><strong><em>longe</em></strong></span> <span class='ocrx_word' id='word_1_393' title='bbox 1332 3947 1399 3990; x_wconf 88' lang='lat' dir='ltr'><strong><em>mea</em></strong></span> 
     </span>
     <span class='ocr_line' id='line_1_40' title="bbox 244 4016 1398 4100; baseline 0.005 -21"><span class='ocrx_word' id='word_1_394' title='bbox 244 4016 360 4090; x_wconf 86' lang='lat' dir='ltr'><strong><em>quidem</em></strong></span> <span class='ocrx_word' id='word_1_395' title='bbox 385 4022 545 4088; x_wconf 85' lang='lat' dir='ltr'><strong><em>sententia,</em></strong></span> <span class='ocrx_word' id='word_1_396' title='bbox 570 4022 625 4093; x_wconf 79' lang='lat' dir='ltr'><strong><em>Qui</em></strong></span> <span class='ocrx_word' id='word_1_397' title='bbox 648 4023 794 4098; x_wconf 87' lang='lat' dir='ltr'><strong><em>inperium</em></strong></span> <span class='ocrx_word' id='word_1_398' title='bbox 818 4025 920 4084; x_wconf 83' lang='lat' dir='ltr'><strong><em>credet</em></strong></span> <span class='ocrx_word' id='word_1_399' title='bbox 940 4028 1057 4100; x_wconf 83' lang='lat' dir='ltr'><strong><em>gravius</em></strong></span> <span class='ocrx_word' id='word_1_400' title='bbox 1088 4045 1152 4086; x_wconf 87' lang='lat' dir='ltr'><strong><em>esse</em></strong></span> <span class='ocrx_word' id='word_1_401' title='bbox 1178 4037 1228 4085; x_wconf 85' lang='lat' dir='ltr'><strong><em>aut</em></strong></span> <span class='ocrx_word' id='word_1_402' title='bbox 1252 4029 1398 4094; x_wconf 83' lang='lat' dir='ltr'><strong><em>stabilius,</em></strong></span> 
     </span>
     <span class='ocr_line' id='line_1_41' title="bbox 246 4115 1395 4201; baseline 0.01 -30"><span class='ocrx_word' id='word_1_403' title='bbox 246 4115 280 4171; x_wconf 92' lang='lat' dir='ltr'><strong><em>Vi</em></strong></span> <span class='ocrx_word' id='word_1_404' title='bbox 308 4117 384 4190; x_wconf 89' lang='lat' dir='ltr'><strong><em>qued</em></strong></span> <span class='ocrx_word' id='word_1_405' title='bbox 412 4116 460 4190; x_wconf 83' lang='lat' dir='ltr'><strong><em>fit,</em></strong></span> <span class='ocrx_word' id='word_1_406' title='bbox 490 4136 574 4192; x_wconf 87' lang='lat' dir='ltr'><strong><em>quum</em></strong></span> <span class='ocrx_word' id='word_1_407' title='bbox 606 4121 678 4178; x_wconf 91' lang='lat' dir='ltr'><strong><em>illud</em></strong></span> <span class='ocrx_word' id='word_1_408' title='bbox 706 4121 783 4196; x_wconf 88' lang='lat' dir='ltr'><strong><em>quod</em></strong></span> <span class='ocrx_word' id='word_1_409' title='bbox 808 4125 939 4186; x_wconf 82' lang='lat' dir='ltr'><strong><em>amicitia</em></strong></span> <span class='ocrx_word' id='word_1_410' title='bbox 966 4126 1144 4198; x_wconf 80' lang='lat' dir='ltr'><strong><em>adiungitur.</em></strong></span> <span class='ocrx_word' id='word_1_411' title='bbox 1193 4141 1218 4184; x_wconf 82' lang='grc' dir='ltr'><strong><em>ν.</em></strong></span> <span class='ocrx_word' id='word_1_412' title='bbox 1250 4129 1305 4186; x_wconf 81' lang='lat'><strong><em>47:</em></strong></span> <span class='ocrx_word' id='word_1_413' title='bbox 1331 4127 1395 4201; x_wconf 88' lang='lat' dir='ltr'><strong><em>llle,</em></strong></span> 
     </span>
    </p>
   </div>
   <div class='ocr_carea' id='block_1_6' title="bbox 0 0 1542 4762">
    <p class='ocr_par' dir='ltr' id='par_1_6' title="bbox 0 0 1542 4762">
     <span class='ocr_line' id='line_1_42' title="bbox 0 0 1542 4762; baseline 0 2"><span class='ocrx_word' id='word_1_414' title='bbox 0 0 1542 4762; x_wconf 95' lang='lat' dir='ltr'><strong><em> </em></strong></span> 
     </span>
    </p>
   </div>
  </div>
 </body>
</html>
