3036 4766
424 172 433 210 r,
482 164 629 205 munerun
658 163 892 205 uanescuuanun.
1202 170 1262 230 331

111 370 252 435 quaper
274 353 444 432 autemid,
473 355 559 434 quod
586 354 626 421 ab
656 353 759 419 altera
782 359 875 435 parta
898 356 1047 434 apparet,
1071 350 1270 432 designatur.

109 451 148 516 Id
170 451 289 516 dicitur
311 471 330 517 a
352 451 481 517 comicis
504 459 532 514 et
554 459 664 523 cunm,
686 459 779 516 ct-
800 459 829 515 ct
850 459 957 514 actem.
1002 449 1054 515 Sic
1070 457 1097 512 et
1111 483 1154 494 —
1168 455 1271 512 unam

112 549 294 614 emendavit
315 549 517 616 Hermaunus
541 550 644 616 Plaut.
669 550 782 615 Bacch.
807 550 868 630 Ill,
893 555 928 622 3,
950 553 1008 614 91:
1033 552 1126 610 Sarra
1149 551 1203 608 tibi
1220 565 1271 609 so·

110 649 209 708 dalem
236 653 264 708 ct
291 652 332 710 mi
360 648 483 726 [ocum]
511 651 614 714 filium.
660 649 727 713 Mil.
750 648 808 729 IV,
830 655 863 720 4,
890 652 946 714 13:
977 649 1081 709 Facile
1105 650 1182 708 istuc
1206 647 1272 723 qui·

112 747 219 817 demet,
244 749 269 807 si
291 753 319 808 et
340 749 395 808 illa
414 751 476 809 volt
498 753 526 810 ct
548 751 600 809 ille
624 754 723 808 actem
745 751 837 824 cupit.
881 745 978 810 Poen.
1002 741 1057 822 IV,
1082 748 1110 822 2,
1137 746 1215 808 104:

168 846 243 904 Nam
267 850 296 904 et
315 847 372 906 hoc
396 845 484 908 docte
508 849 733 923 consulendum,
757 849 835 923 quod
859 849 946 907 modo
970 845 1215 917 concreditumst,

168 945 213 1004 Et
233 943 307 1002 illud
330 948 428 1004 acum
449 945 670 1006 inserviendum
693 947 881 1007 consiliumet
903 945 1105 1004 vernaculum.
1176 959 1179 966 ’

196 1056 227 1104 n.
273 1035 487 1121 Coniungitur
513 1047 541 1102 ct
568 1059 640 1106 cum
671 1044 789 1117 quidm
824 1041 865 1106 ab
901 1040 992 1105 initio
1023 1035 1192 1115 orationis,
1228 1036 1275 1100 sic

109 1136 214 1203 Plaut.
239 1133 330 1219 Capt
353 1135 413 1215 ΙΙΙ,
436 1142 471 1217 4,
495 1142 546 1217 30,
570 1139 626 1204 ubi
649 1141 711 1204 rec.
735 1138 877 1204 Lindem.
901 1138 966 1202 vim
988 1136 1087 1201 habet
1108 1134 1271 1212 ironicam,

110 1259 157 1289 =
178 1239 216 1298 ut
238 1233 397 1298 nimirum.
442 1234 742 1313 Mil.11‚2,104:
771 1241 864 1301 Abeo.
909 1237 973 1302 ΡΑ.
1005 1239 1051 1297 Et
1078 1235 1195 1310 quidam
1217 1250 1273 1309 ego

110 1335 163 1396 ibo
186 1334 319 1408 domum,
342 1331 383 1396 ud
406 1348 434 1413 q.
457 1332 477 1396 l.
501 1334 659 1402 Lindem.:
690 1339 760 1416 „Et
787 1338 905 1412 quidem
926 1332 1085 1398 notissimi
1108 1345 1186 1396 usus
1208 1327 1274 1394 ior·

110 1429 208 1510 mula,
234 1447 316 1510 quae
337 1431 455 1512 partim
478 1430 720 1514 amplificandae
736 1433 928 1511 sententiae,
952 1431 1068 1513 partim
1085 1425 1275 1495 confirman-

112 1529 173 1595 dae
197 1528 340 1594 inservit
385 1526 431 1594 cf.
455 1528 603 1596 Schuetz.
629 1531 732 1598 doctr.
763 1534 845 1613 part.
875 1530 911 1595 L.
942 1529 977 1594 L.
1001 1546 1030 1610 p.
1059 1519 1276 1606 1751‘Saepe

111 1626 292 1709 posteriore
315 1626 376 1694 hac
397 1629 528 1695 notione
550 1630 682 1711 ponitur
704 1629 736 1694 in
760 1629 929 1709 colloquio,
953 1645 1051 1708 quum
1075 1626 1182 1691 altera
1201 1641 1275 1705 per·

113 1742 194 1790 sona
216 1724 337 1804 aliquid
359 1723 518 1792 iacturam
546 1745 580 1792 se
603 1728 758 1808 ostendit,
789 1727 875 1808 quod
901 1726 1005 1792 ultera
1026 1731 1177 1804 tauquam
1202 1740 1277 1788 con·

112 1820 244 1888 firmans
267 1823 434 1888 consilium
456 1824 590 1906 prioris,
613 1826 697 1892 idem
721 1845 756 1892 aa
778 1824 936 1892 facturam
963 1825 1018 1889 ait.
1062 1823 1168 1904 Igitur
1190 1819 1276 1901 apud

114 1920 266 1986 Plautum
288 1920 377 1988 Pers.
400 1921 443 2002 ΙΙ,
467 1927 496 2004 2,
521 1928 562 1990 35
592 1923 656 1991 talc
679 1925 872 2005 colloquium
895 1927 1009 1990 exstat.

741 2022 800 2088 80.
825 2027 907 2101 Ergo
929 2025 987 2085 hoc
1009 2025 1050 2082 mi
1073 2021 1191 2096 expedi,

202 2122 268 2194 Quo
290 2123 353 2196 agis
370 2119 426 2183 te?
448 2119 540 2186 ΡΑΕ.
566 2124 632 2196 Quo
654 2123 708 2184 tu?
738 2120 796 2187 SO.
823 2125 881 2183 Dic
903 2129 950 2183 tu:
973 2123 1057 2197 prior
1079 2119 1190 2194 rogaui.

454 2218 549 2284 Pas.
571 2224 613 2281 nt
634 2227 705 2296 post
727 2225 814 2285 scies.

201 2313 261 2380 SO·
284 2319 331 2379 Eo
354 2335 409 2394 ego
431 2319 501 2378 hinc
524 2320 596 2381 haut
618 2323 715 2396 longe.
761 2317 855 2382 PAE.
878 2317 1052 2393 thutulem
1076 2332 1130 2389 ego
1154 2331 1190 2374 eo

451 2417 525 2476 hant
546 2420 644 2493 longe.

115 2509 218 2576 Simili
246 2510 340 2576 modo
362 2509 392 2576 h.
417 2510 455 2591 l.,
478 2512 533 2578 ubi
555 2512 671 2594 Peripl.
695 2512 835 2578 dixerat:
858 2513 956 2581 Abeo,
979 2510 1102 2590 pariter
1125 2527 1159 2574 se
1174 2506 1279 2572 factu-

115 2627 189 2673 rum
212 2607 353 2674 ostendit
374 2608 585 2677 Palaestrio.“
648 2627 649 2635 ¹
1001 2652 1003 2658 -

201 2725 229 2772 o.
254 2711 306 2778 Et,
329 2707 414 2789 quod
435 2708 476 2773 iis
497 2709 623 2790 verbis,
647 2726 732 2791 qnae
752 2708 931 2790 coniungit,
953 2707 1124 2772 antecedat
1145 2721 1277 2770 necesse

114 2810 180 2886 est,
203 2826 223 2871 a
246 2806 367 2886 poetis,
398 2806 453 2872 ubi
475 2808 571 2872 metri
594 2823 691 2873 causa
713 2807 910 2886 intercedat,
939 2806 1034 2872 etiam
1057 2811 1132 2887 post
1154 2804 1280 2882 aliquot

115 2905 246 2970 nomina
274 2901 406 2985 ponitur
433 2903 593 2984 (Haudius
615 2895 667 2982 113
698 2923 728 2987 p.
753 2904 839 2986 538).
887 2905 939 2970 Sic
965 2904 1035 2969 Liv.
1065 2903 1206 2968 Andron.
1236 2899 1278 2964 tr.

116 3002 240 3068 Inonis:
275 3006 399 3065 Balteus
433 3010 460 3064 et
488 3013 611 3067 reuocet
644 3009 782 3068 volucres
815 3009 846 3066 iu
873 3011 998 3081 pectore
1028 3005 1120 3064 sinus.
1171 2998 1277 3063 Plaut.

115 3101 199 3166 Rud.
222 3099 304 3182 prol.
327 3119 356 3165 v.
382 3107 416 3166 7:
440 3105 524 3165 Inter
546 3106 682 3166 mortalis
705 3107 824 3166 ambulo
856 3103 898 3180 [et
920 3101 988 3179 e'go]
1012 3101 1167 3161 interdius.

203 3204 254 3266 35.
299 3201 348 3267 De
371 3197 604 3282 significatione
631 3200 809 3282 particulae
832 3218 888 3276 quc
909 3219 937 3263 v.
960 3199 981 3277 ξ
1006 3202 1046 3263 34
1075 3196 1143 3262 init.
1176 3195 1276 3278 Legg.

115 3299 180 3366 XII
210 3298 300 3364 tabb.
328 3299 390 3379 VI,
419 3305 461 3366 9:-
486 3302 677 3379 quandoque,
706 3299 746 3364 ad
776 3317 805 3379 q.
836 3298 856 3362 l.
885 3297 1044 3363 Funccius
1076 3295 1209 3360 adnotat
1239 3311 1279 3358 ex

116 3399 201 3479 legg.
230 3396 295 3462 XII
323 3397 421 3477 auu,
455 3415 494 3463 ex
525 3398 672 3464 columna
703 3400 845 3462 rostrata
871 3395 972 3460 Duilli
1001 3393 1278 3472 monumentisque

117 3497 303 3577 Scipionum
326 3513 483 3578 apparere
513 3497 636 3578 priscus
662 3496 794 3562 Latinus
822 3495 928 3560 rarius
959 3493 1187 3574 apertionis,
1215 3490 1277 3555 fre·

118 3595 326 3677 quentissime
349 3599 457 3660 autem
481 3615 537 3672 que
559 3593 707 3661 enclitica
728 3595 786 3659 uti.
814 3593 914 3659 Naar.
938 3591 1011 3657 bell.
1035 3591 1115 3656 Pun.
1139 3591 1159 3656 l.
1187 3591 1217 3669 Ι,
1241 3589 1279 3654 fr.

120 3700 170 3774 18,
193 3713 223 3775 p·
250 3699 289 3759 12
313 3692 461 3758 Vahlen:
486 3697 586 3757 Titani
600 3698 781 3772 Bicorpores
797 3695 942 3771 Gigantes
958 3693 1114 3768 magnique
1129 3691 1278 3752 Atlantes.

119 3791 201 3859 cato
232 3792 270 3858 R.
298 3791 335 3856 R.
363 3791 529 3872 inscriptio
558 3809 626 3874 cap.
657 3798 690 3857 l:
727 3793 873 3870 quomodo
901 3808 1003 3869 agrum
1033 3787 1091 3852 emi
1121 3793 1281 3864 pararique

117 3899 266 3971 oporteat.
311 3889 345 3956 G.
370 3897 406 3955 2:
429 3894 480 3952 ubi
507 3895 650 3969 cognovit·
669 3892 815 3969 quomodo
837 3890 946 3950 fundus
970 3891 1067 3950 cultus
1091 3890 1149 3949 siet
1171 3904 1279 3962 opera-

118 4010 175 4069 que
197 4007 273 4069 quae
297 3992 380 4053 lacta
399 3990 568 4066 iniectaque
590 3993 679 4068 sient,
700 3989 847 4066 postridie
870 3991 933 4050 eius
957 3989 1017 4048 diei
1040 3988 1159 4047 vilicum
1183 3991 1278 4045 vocet.

116 4091 181 4156 ln:
206 4092 277 4168 quid
299 4090 410 4152 iactum
433 4090 510 4166 vin-i,
539 4088 681 4151 frumenti
703 4091 886 4164 aliarumque
913 4103 1013 4146 rerum
1036 4086 1172 4146 omnium.
1218 4080 1280 4145 Ib.=
1361 4097 1363 4100 ·

117 4191 178 4257 Ubi
202 4208 254 4252 aas
278 4191 410 4263 aliasque
432 4204 538 4250 causas
561 4189 669 4248 multas
693 4188 811 4256 dixerit,
834 4186 1040 4246 adactionem
1063 4197 1185 4255 operum
1209 4197 1281 4254 ope-
