3076 4762
262 175 302 216 DE
312 176 435 218 nome.-
444 178 572 219 lhnleh‘r.
587 179 727 232 PBIUSQUA
734 181 786 222 ll.-
797 180 873 221 cohi.
882 176 1105 220 ΕΘΠΟ-12220120.
1121 173 1244 215 SECUND.
1284 179 1343 240 133

178 372 283 444 prices,
310 385 400 443 qaam
427 371 496 430 hinc
528 371 599 434 chit.
646 370 683 446 V,
713 375 748 444 9,
771 375 812 433 47
834 385 893 448 sq.:
926 369 1011 428 Enim
1041 385 1111 427 vero
1142 367 1230 438 prins
1256 381 1344 435 qaam

183 469 258 528 hacc
281 468 334 526 dat
356 470 482 542 veniam,
509 470 580 528 mihi
596 471 775 545 prospiciam
801 476 831 528 et
846 465 1021 526 Phaedriae.
1050 462 1344 532 HensNansistretc,

178 567 267 640 prius
297 582 386 638 qaam
416 562 487 627 huic
522 568 681 641 respondes
714 573 844 638 t,emerc
879 565 956 624 audi.
1008 577 1035 624 u.
1061 563 1116 622 56:
1150 559 1254 633 Neque
1288 573 1343 629 ego

183 667 305 738 ignosco
328 681 424 738 neque
448 666 589 738 promitto
617 667 772 776 quicquam
797 682 891 740 neque
920 661 1104 737 respondeo,
1134 656 1227 714 Prius
1256 671 1341 726 qaam

183 768 302 838 gnatum
326 762 435 822 uidero

271 862 318 922 10.
365 857 456 922 Addo
491 859 587 923 etiam
622 859 877 923 concessivarum
908 854 1165 922 coniunctionum
1192 847 1343 916 nonnulle

183 955 337 1035 exenuple.
382 954 486 1020 Plaut
514 957 609 1021 Poen.
638 974 680 1020 sc.
710 955 766 1020 alt.
797 975 826 1018 v.
859 960 899 1018 24
923 969 983 1032 sa:
1011 969 1188 1027 quamquam
1220 967 1274 1023 ego
1312 953 1341 1008 te

183 1057 348 1128 Meruisse,
378 1064 409 1114 ut
432 1074 557 1131 perses,
586 1058 652 1116 scio.
705 1053 754 1118 Dc
781 1071 858 1118 voce
887 1059 983 1114 tamea
1012 1053 1065 1112 etsi
1093 1046 1194 1111 Rudd.
1226 1063 1255 1125 p.
1280 1047 1342 1108 352

184 1149 277 1216 affert
299 1150 429 1216 Tcubm.
455 1151 496 1216 ad
511 1152 576 1216 Mil.
600 1152 655 1229 IV,
673 1160 702 1232 d,
722 1157 760 1216 10
785 1154 947 1228 (postremo
973 1157 1070 1212 tanuen
1085 1148 1155 1208 Etsi
1170 1148 1246 1206 istuc
1270 1143 1343 1202 mihi

184 1247 373 1329 scerhamst),
398 1247 546 1313 Curtium¹
566 1251 605 1315 ed
622 1249 696 1315 Sall.
721 1251 788 1330 lug.
817 1254 864 1326 13,
888 1255 906 1315 3
930 1254 963 1313 et
983 1263 1062 1328 quos
1086 1243 1165 1307 alios
1188 1240 1252 1304 illio
1274 1237 1344 1302 lcu-

183 1350 260 1415 dant
246 1347 463 1510 tlscriptores.
531 1365 533 1372 ·

301 1443 380 1508 ll.
428 1445 629 1508 Postremum
672 1453 852 1526 spectemus
887 1443 1091 1508 indicativum
1133 1438 1270 1520 positum
1311 1433 1348 1512 in

183 1451 438 1608 enuncialttanibas
464 1546 661 1623 secundariis,
685 1563 760 1619 qaae
781 1547 950 1607 interiectae
972 1547 1042 1602 sant
1055 1539 1184 1600 cratinae¹
1206 1536 1411 1632 obliquae

183 1647 228 1706 cel
250 1643 516 1710 mandationibus,
539 1660 614 1715 quae
636 1645 745 1704 haheat
766 1645 992 1740 caniaaan.
1038 1636 1116 1702 Cato
1139 1635 1178 1698 de
1203 1651 1238 1696 re
1261 1629 1344 1693 mili·
1373 1691 1414 1748 ,t

185 1741 272 1805 litari
300 1758 349 1818 ap.
379 1737 457 1802 Plin
487 1741 559 1804 hist.
537 1743 653 1804 ttnu
680 1738 776 1818 precs.
806 1739 865 1802 sub
894 1736 944 1802 fin.
982 1736 1082 1811 (Lion.
1115 1751 1143 1812 p.
1168 1735 1239 1806 43);
1243 1622 1446 1855 Sdf‘htuh
1448 1809 1500 1866 :⁸

184 1857 237 1916 ego
260 1857 335 1912 qaae
358 1840 470 1912 scripta
490 1844 561 1899 saal
583 1841 606 1898 si
630 1843 727 1914 palem
752 1839 958 1915 proferentur,
982 1839 1090 1896 multos
1113 1834 1177 1892 iore
1201 1832 1252 1905 qui
1275 1829 1419 1938 vitun·

185 1940 312 2013 litigent
360 1933 398 1997 H.
422 1934 442 1997 l.
467 1951 507 1997 ne
530 1940 658 2014 poterat
686 1935 812 2013 quidem
842 1933 1062 1998 coniunctivae
1090 1927 1164 2009 poni
1188 1927 1219 1989 in
1242 1941 1367 1988 enuu

184 2034 249 2098 ciat
250 2033 323 2096 ione
339 2031 484 2108 relativo,
508 2033 657 2112 quoniam
674 2031 849 2112 simplicem
867 2032 1057 2112 epexegesim
1071 2047 1087 2091 e
1089 2025 1167 2090 llicit
1183 1954 1494 2134 partucuqu

182 2135 305 2222 scripta.
336 2128 415 2194 Octo
383 2136 485 2194 tor
507 2131 540 2194 in
562 2149 698 2194 censura
721 2130 759 2193 de
783 2135 881 2194 vestit
841 2130 959 2194 htuet
982 2125 1144 2192 vehiculis:
1174 2127 1247 2184 Num
1273 2139 1343 2197 per·

183 2233 321 2290 iniurium
353 2232 427 2302 sict,
459 2249 524 2290 cum
555 2231 625 2289 mihi
654 2231 690 2290 ob
720 2247 771 2290 eos
798 2247 895 2289 mores
925 2247 998 2303 quos
1029 2229 1112 2301 prius
1135 2223 1223 2282 habui
1246 2222 1341 2280 honos

184 2330 280 2404 detur,
303 2329 355 2388 aci
377 2329 529 2389 datast
487 2333 536 2396 est,
560 2337 619 2388 tum
645 2331 688 2388 uti
712 2347 762 2388 eos
787 2335 894 2386 mutem
919 2335 1007 2400 atquc
1028 2323 1082 2383 ulii
1105 2322 1183 2380 modi
1207 2322 1269 2379 sim.
1305 2313 1341 2376 R.

183 2425 219 2488 R.
244 2443 269 2488 c.
296 2429 353 2488 39:
386 2413 533 2499 soprato,
556 2428 583 2486 sr‘
607 2428 680 2486 nihil
703 2429 767 2500 fiet,
790 2427 883 2485 nihilo
906 2427 1001 2484 minus
1024 2425 1172 2494 sareptam
1194 2417 1340 2490 faturum.

183 2521 286 2586 Plane.
316 2521 409 2600 Epid.
433 2521 475 2600 II,
502 2528 529 2598 2,
553 2527 609 2586 96:
635 2527 694 2586 Ubi
716 2527 774 2584 erit
795 2533 902 2598 emptu,
927 2531 959 2582 ut
982 2523 1081 2595 aliquo
1104 2535 1141 2578 cx
1169 2517 1239 2575 urbe
1263 2530 1342 2571 amo

182 2639 259 2682 neas.
305 2617 365 2696 111,
389 2627 420 2697 4,
445 2624 500 2682 20:
525 2625 663 2685 Animam
687 2625 820 2695 advorte,
844 2632 876 2682 ut
898 2623 975 2697 quod
999 2623 1035 2680 ed
1059 2627 1088 2676 te
1111 2615 1209 2682 uenio,
1230 2611 1341 2671 intelle-

180 2735 244 2793 yas.
289 2715 386 2781 Mero.
411 2717 435 2792 I,
461 2724 489 2795 2,
514 2723 569 2783 63:
599 2723 675 2794 Quin
706 2729 737 2780 tu
762 2721 901 2795 expedis,
933 2721 1009 2794 Quid
1038 2715 1095 2778 siet
1116 2714 1191 2790 quod
1216 2727 1261 2770 me
1286 2726 1340 2783 per

183 2818 284 2876 arbem
309 2835 433 2876 currens
457 2821 620 2888 quaerebas
642 2819 737 2882 modo.
783 2817 824 2892 II,
853 2824 877 2894 l,
905 2823 958 2880 14:
984 2818 1068 2876 Dicit
1090 2829 1228 2888 capram,
1253 2823 1339 2882 quem

180 2913 319 2973 dederam
348 2916 521 2974 seruandam
546 2917 617 2988 sibl,
642 2917 717 2976 Suae
741 2919 838 2976 dotem
864 2919 963 2977 uxoris
979 2911 1186 2974 amhcdede'sse.
1231 2902 1286 2982 IV,
1309 2909 1341 2978 4,

183 3013 236 3073 58:
260 3011 312 3070 Ibo
328 3013 365 3070 cd
381 3011 477 3072 loram
493 3021 581 3088 etque
598 3015 778 3092 Demiphoni
801 3015 875 3074 heco
898 3017 1030 3090 eloquor,
1051 3012 1101 3070 Me
1117 3011 1212 3068 istunc
1230 3004 1340 3076 capillo

178 3113 400 3182 protracturum
415 3127 474 3172 csse
485 3114 513 3170 in
527 3115 613 3183 viem,
626 3111 695 3171 Nisi
709 3113 776 3172 hinc
789 3113 976 3190 abducitquo
990 3113 1058 3170 volt.
1076 3105 1171 3168 Poen.
1186 3101 1223 3176 V,
1243 3105 1270 3176 1,
1285 3099 1339 3160 18:

352 3209 433 3268 Deos
458 3210 740 3283 decequcvcneror,
764 3213 813 3285 qui
837 3213 913 3270 heac
937 3210 1039 3268 urbem
1063 3209 1174 3277 colunt,

352 3305 394 3365 Ut
416 3307 493 3380 qnod
517 3306 552 3365 de
578 3325 642 3366 mec
666 3326 698 3366 ue
722 3310 778 3369 hac
800 3310 880 3381 ceni,
904 3309 962 3368 rite
985 3310 1122 3370 venerem.

182 3399 221 3479 V,
246 3405 283 3479 2,
311 3405 386 3464 121:
421 3407 600 3478 aequomst,
632 3406 739 3468 habere
762 3409 840 3468 hanc
861 3408 954 3481 boue,
985 3424 1061 3480 qaue
1084 3403 1216 3480 possedit
1242 3407 1338 3475 pater.

182 3498 264 3561 Rud.
295 3498 350 3576 IV,
383 3504 411 3576 7,
443 3503 498 3562 30:
537 3505 576 3560 At
616 3520 670 3576 ego
709 3505 781 3564 deos
816 3521 939 3579 quaeso,
979 3514 1009 3564 ut
1044 3504 1186 3579 quidquid
1222 3503 1251 3558 in
1285 3499 1338 3556 illo

181 3599 316 3672 vidulost,
343 3599 374 3658 Si
398 3617 517 3671 aarum„
535 3601 561 3660 si
584 3599 774 3677 urgentumst,
799 3621 884 3663 omine
908 3605 985 3664 idat
1008 3605 1064 3676 fiat
1085 3605 1168 3663 ciuis.
1199 3597 1294 3662 Truc.
1311 3593 1337 3672 Ι,

180 3697 209 3771 2,
233 3697 289 3757 87;
318 3698 381 3755 hno
409 3698 515 3772 edepol
539 3701 644 3760 melius
667 3702 724 3760 iam
748 3701 812 3772 fore
828 3703 926 3776 credo,
951 3711 979 3761 te
996 3703 1045 3761 uhi
1060 3701 1177 3761 ridebit.
1210 3695 1336 3759 Terent.

179 3792 276 3854 Andr.
311 3791 391 3869 prol.
419 3812 448 3856 v.
483 3799 533 3858 13:
572 3798 653 3869 Quae
684 3815 854 3866 coreoenere,
889 3802 918 3858 in
949 3802 1089 3859 Andriam
1119 3817 1156 3858 ex
1184 3796 1337 3857 Perinthia

179 3891 374 3952 constetisse.
423 3890 458 3954 V.
484 3895 539 3955 26:
568 3895 695 3954 Posthac
726 3914 799 3971 quas
827 3897 919 3968 faciet
944 3899 979 3956 de
1012 3899 1128 3972 integro
1157 3895 1335 3964 ecnuoedias,

177 3989 367 4064 Spectandae
392 4008 428 4050 cn
453 3994 615 4068 exigendae
638 3995 699 4054 aar
721 3995 802 4054 vobis
825 3997 916 4068 prius.
945 3993 1068 4072 1‚1‚s:
1092 3997 1156 4070 Ego
1179 4000 1335 4068 postquam

177 4095 206 4146 tc
230 4089 297 4162 emi,
321 4107 339 4149 a
361 4093 541 4164 pervolent
565 4109 683 4166 semper
707 4093 759 4150 tibi
776 4094 863 4166 Apud
881 4111 925 4152 me
949 4097 1028 4154 iuste
1044 4101 1074 4152 et
1099 4095 1228 4152 clemens
1244 4092 1338 4162 fuerit

174 4187 321 4262 Seruitus,
347 4189 420 4250 Scis.
467 4191 496 4264 2,
522 4191 580 4252 24:
604 4191 716 4268 Nempe
741 4207 812 4266 ergo
836 4199 940 4266 operte
964 4193 1024 4263 vis,
1048 4207 1121 4262 qaae
1142 4192 1269 4256 rorone,
1291 4203 1337 4248 mc
