3048 4770
530 113 679 154 pecuniata
694 113 944 157 prenominatum
1251 124 1310 184 211

151 307 272 381 egregie
293 308 415 378 praeter
437 309 535 366 cetera
558 306 706 379 studebat,
730 303 784 369 ubi
808 304 905 370 etiam
928 309 1042 381 eprepie
1061 305 1125 370 vim
1150 303 1240 370 addit
1260 321 1316 370 no·

147 400 231 466 tioui
255 399 456 480 superlativi,
476 419 505 465 v.
529 401 570 466 ad
592 399 803 467 h.1.1tuhnk.
826 419 855 468 v.
872 408 929 470 95:
953 403 1049 466 torma
1065 409 1190 479 macter
1204 407 1316 466 octoas

151 503 289 561 Honesta
311 518 347 562 ac
371 502 498 564 liberali.
543 499 591 563 De
614 496 753 564 formula
775 503 860 564 Ιιαιιά
872 502 937 562 otta
951 503 1047 576 acopis
1070 519 1098 564 v.
1115 500 1205 565 Rust.
1230 517 1314 564 aom-

149 600 301 666 meutatt.
325 597 429 662 Pleut.
451 615 481 677 p.
507 601 580 676 262,
603 597 657 676 qui
680 595 774 662 affert
797 597 910 677 Amph.
934 595 978 678 II,
996 603 1024 676 2,
1046 604 1106 664 47:
1136 604 1315 674 expectatur

152 695 298 760 advenis?
314 693 373 760 80.
386 697 461 758 Hau
472 697 537 756 vidi
547 697 652 770 arcam.
667 693 757 775 Capt.
765 695 823 773 111,
831 702 861 774 4,
870 700 923 761 29:
937 701 979 760 At
991 700 1080 758 etiem
1093 703 1123 756 te
1133 715 1216 757 suum
1230 697 1317 758 soda-

151 797 210 855 lem
227 812 292 856 esse
309 796 399 856 aibat.
424 791 486 856 ΤΥ.
502 795 577 856 Hau
592 795 655 856 uidi
670 796 781 869 mapis,
800 811 842 858 sc.
859 791 1012 860 sodalem.
1036 793 1133 858 Mero.
1146 791 1202 871 IV,
1216 798 1245 872 3,
1259 794 1315 856 24:

150 895 282 959 Haeres:
316 893 399 952 haud
430 893 494 954 vicii
530 893 642 968 mauis,
675 908 718 956 st.
753 890 949 956 haerentem.
1002 891 1097 956 Poen.
1127 889 1159 968 Ι,
1191 895 1226 969 l,
1261 896 1316 956 13:

150 993 314 1067 Ignoscere
335 991 365 1050 id
389 998 418 1051 te
443 994 482 1049 mi
506 998 670 1066 aequomst.
715 987 776 1054 ΜΙ.
799 991 896 1053 Hand
917 989 975 1063 (sic
996 987 1092 1070 AOg;
1124 987 1204 1068 Aap
1227 991 1314 1066 aaut)

149 1089 215 1150 cidi
235 1089 349 1162 mepta,
372 1105 415 1152 so.
437 1104 584 1168 aequum.

568 1353 713 1434 Sestio
753 1353 898 1433 tertia.

656 1561 727 1638 Gap.
750 1563 816 1624 XV.

456 1713 652 1780 Doctrina
682 1715 1020 1781 enuntiationum.

248 1875 273 1934 1.
304 1868 342 1936 In
357 1869 417 1936 hac
440 1877 531 1952 parte
554 1872 706 1953 syntaxis,
730 1889 828 1952 quum
851 1872 1041 1953 simplicium
1058 1872 1316 1938 enunciationem

151 1967 277 2034 formae
300 1968 437 2032 maxima
460 1987 499 2032 ex
521 1974 614 2048 parte
637 1969 700 2033 iam
730 1970 763 2036 in
786 1969 931 2035 doctrina
954 1969 1148 2035 substantivi
1170 1975 1203 2034 et
1224 1969 1317 2035 attri-

155 2065 339 2132 butivarum
365 2065 504 2144 partium
527 2067 681 2132 orationis
709 2072 927 2148 pertractatae
949 2067 1030 2148 sint,
1062 2067 1208 2149 inprimis
1232 2083 1316 2133 com·

153 2164 333 2244 positarum
361 2163 619 2229 enuntiationum
648 2182 730 2245 quae
761 2166 804 2230 sit
831 2171 948 2231 natura
977 2165 1234 2247 investigandum
1258 2171 1317 2230 est.

151 2260 350 2341 Simplicium
386 2262 643 2326 enuntiationum
671 2263 808 2328 maxime
838 2263 1089 2344 interrogativae
1119 2262 1316 2342 singularem

155 2358 288 2440 exigent
311 2357 576 2438 disquisitionem,
600 2360 750 2442 quoniam
772 2361 811 2426 iia
834 2361 1010 2426 tractandis
1039 2360 1072 2424 in
1095 2359 1316 2442 superioribus

152 2456 295 2522 nondum
317 2453 379 2520 tuit
401 2456 498 2522 locus.
544 2457 606 2522 Sed
629 2461 767 2539 primum
790 2457 929 2524 omniurn
953 2458 1129 2539 spectanda
1151 2461 1202 2522 est
1224 2460 1317 2520 caua

152 2557 261 2618 danto
287 2561 321 2618 et
342 2556 575 2630 amrmemus
606 2556 770 2622 sermonis.
816 2555 1040 2622 Abundantiae
1063 2555 1208 2637 exempla
1237 2553 1316 2618 haec

152 2660 241 2720 eunt.
286 2650 389 2716 Plaut.
415 2655 501 2717 Asiu.
525 2652 592 2733 111,
617 2659 650 2732 3,
674 2659 714 2720 99
737 2671 799 2734 sq.:
831 2656 928 2729 nante
958 2657 1131 2717 decorumst
1162 2657 1316 2716 Libertum

145 2753 250 2826 petias
273 2771 359 2830 quem
383 2762 539 2826 patronum
564 2771 638 2814 onus
660 2755 690 2814 iu
715 2757 762 2816 via
784 2762 925 2830 portare,
957 2752 1012 2817 ubi
1035 2741 1173 2816 alterum
1197 2754 1314 2826 utrum,

145 2851 254 2924 potiare
281 2855 341 2910 aut
367 2851 465 2925 mapis
493 2850 660 2914 redundat.
706 2849 792 2915 Trin.
815 2848 871 2928 IV,
900 2856 930 2928 1,
959 2854 991 2914 3:
1026 2853 1107 2925 Quos
1137 2869 1230 2926 penes
1257 2851 1317 2908 mei

153 2937 408 3024 [enimpotestas
431 2951 516 3010 bonis
539 2951 613 3009 meis
636 2951 707 3025 quid
729 2949 810 3010 foret
832 2958 863 3009 et
886 2965 969 3008 meaa
992 2950 1081 3022 ritae,
1104 2947 1190 3025 adq.
1206 2944 1318 3022 ibim

153 3043 252 3109 dem:
284 3042 431 3121 „Usitata
454 3044 569 3109 Plauto
600 3044 813 3124 abundantia,
836 3045 877 3108 ad
901 3043 1001 3128 verba
1021 3047 1079 3106 mei
1104 3048 1236 3119 potestas
1258 3059 1318 3122 per

154 3132 330 3221 ὲπιξὴγησιν
354 3142 516 3205 adduntur
538 3147 606 3219 quid
631 3146 715 3204 bouis
738 3147 815 3208 meis
835 3144 915 3204 foret
938 3152 968 3204 et
991 3145 1079 3205 vitae.
1124 3137 1315 3206 Huiusmodi

154 3237 237 3302 euim
271 3239 442 3318 termulae,
472 3239 569 3304 veluti
592 3247 658 3303 est:
690 3240 753 3305 scis
783 3259 889 3307 meum
912 3257 1071 3318 amorem,
1100 3238 1314 3318 quomodote

153 3351 276 3413 ameum
300 3354 360 3416 ego
385 3345 426 3415 te,
451 3337 504 3416 qui
527 3337 571 3401 sis
594 3337 700 3416 homo,
722 3355 784 3402 non
804 3339 892 3416 novi;
922 3335 1159 3402 adolescentem
1182 3352 1312 3415 quaero,

153 3433 211 3497 uhi
234 3431 374 3508 habitem
406 3435 508 3504 faeta,
534 3437 733 3514 quaestus,
764 3452 919 3515 persaepe
949 3434 1035 3514 apud
1057 3431 1206 3498 Plautum
1231 3434 1318 3498 iuve-

154 3531 297 3595 uiuntur.
343 3531 386 3594 Et
415 3539 465 3596 est
495 3551 596 3612 genus
629 3532 795 3598 familiaris
830 3532 994 3596 sermonis.
1004 3531 1022 3560 “
1067 3532 1165 3596 Plane
1198 3529 1318 3596 similes

154 3627 369 3694 abundantias
390 3626 424 3691 in
446 3643 562 3708 graeca
588 3631 696 3710 lingua
726 3627 819 3693 affert
841 3628 1001 3709 Reisigius
1030 3629 1072 3693 ad
1095 3628 1173 3694 Oed.
1198 3627 1263 3693 Col.
1287 3646 1317 3708 p.

155 3729 232 3805 229,
255 3724 405 3790 laudatus
428 3745 447 3790 a
469 3725 587 3792 Bernh.
611 3732 692 3810 synt.
719 3732 835 3806 peta,
857 3727 912 3806 qui
935 3724 1030 3790 affert
1045 3728 1141 3791 etiam
1158 3727 1317 3792 Theocrit.

155 3829 208 3904 25,
233 3827 283 3889 36.
329 3822 530 3888 simillimum
558 3829 609 3888 est
635 3825 720 3889 'irim
745 3823 783 3903 V,
808 3830 845 3903 2,
878 3830 930 3888 17:
963 3827 1056 3899 Quem
1089 3845 1145 3904 ego
1183 3845 1237 3886 nec
1268 3829 1319 3900 qui

153 3932 239 3984 esset
263 3940 367 3982 uorem
391 3941 487 3998 neque
511 3940 575 3982 eum
600 3934 669 3985 erute
693 3941 817 3999 usquam
840 3926 983 3999 conspexi
1004 3924 1096 3998 prius.
1143 3925 1191 3988 De
1212 3927 1247 3984 at
1268 3939 1318 3982 re-

155 4019 259 4100 petito
288 4017 361 4082 vide
391 4035 416 4084 c.
440 4017 514 4088 xil,
539 4022 576 4082 la
593 4017 623 4084 h.
670 4018 910 4106 Perspricuitatis
936 4037 1047 4095 eausa,
1071 4020 1121 4084 vei
1151 4021 1257 4100 potius
1281 4021 1318 4079 ut

154 4113 236 4180 haec
260 4115 353 4178 nouo
375 4114 507 4193 gravius
529 4116 721 4195 inculcetur,
751 4121 865 4190 oportet
883 4118 1058 4196 repetitum
1082 4125 1133 4180 est
1154 4134 1174 4179 a
1197 4113 1319 4176 Catone

1045 4214 1108 4280 14*
