3036 4766
247 113 309 176 376
526 107 588 150 ΟΔΡ.
603 108 648 148 XV.
680 108 829 150 nocemus
856 108 1104 152 ENUNOIATIONUM.

332 315 356 361 4.
402 297 451 364 ΑΙ)
475 297 623 364 universa
643 297 698 362 illa
724 298 917 388 exceptionis
938 299 1063 380 ratione
1082 316 1147 364 non
1162 299 1316 366 recedunt
1340 317 1406 364 eae

245 393 413 466 dictiones,
448 395 564 476 quibus
597 400 671 475 post
703 395 830 460 nomina
867 396 1078 464 multitudiuis
1118 397 1169 464 vel
1208 398 1405 478 quantitatis

245 492 407 558 adduntur
430 513 478 572 ea,
502 485 583 572 quae
607 493 813 576 excipiantur.
850 494 1403 577 414144714144741444444741474

245 588 488 672 significatione,
511 608 575 671 qua
599 599 730 667 4744447.
754 591 857 658 Plaut.
880 592 962 656 Men.
988 594 1068 672 prol.
1092 615 1120 660 v.
1145 599 1200 660 59:
1223 599 1406 658 141114474-

244 709 326 766 rum,
359 692 420 752 atsi
449 692 585 766 divitiae,
619 695 661 753 nil
689 699 768 766 erut,
803 691 857 754 ubi
883 691 954 754 vide
982 691 1139 758 Boxhoru.
1167 691 1281 758 Caecil.
1314 693 1404 758 Stat.

244 786 385 852 Plocium
416 783 453 849 ir.
483 791 514 863 1,
543 806 569 850 7.
602 794 676 852 144;
712 792 794 864 Quae
827 791 888 850 utet
915 792 1013 852 dotem
1046 795 1159 868 omnin,
1195 795 1274 868 Quae
1309 795 1412 868 nolis,¹

244 887 346 948 hebet.

331 983 360 1048 d.
404 985 474 1046 Nisi
496 1000 594 1063 quum
617 983 715 1053 semel
738 983 822 1050 14444
850 979 935 1049 esset
962 985 1141 1052 coniunctio
1164 986 1405 1068 conditionalis,

244 1080 336 1146 facile
358 1079 428 1147 fieri
450 1083 569 1162 potuit,
599 1086 688 1150 utin
711 1081 835 1164 vulgari
861 1100 1006 1149 sermone
1033 1103 1105 1150 oum
1126 1088 1154 1146 44·
1175 1104 1235 1146 ooo
1256 1103 1406 1151 eommu-

245 1183 377 1244 taretur.
401 1179 504 1245 Pleut.
529 1181 622 1246 Most.
646 1181 672 1253 Ι,
697 1188 724 1260 3,
749 1187 788 1246 35
802 1199 863 1262 sq:
886 1185 926 1244 Di
949 1185 1080 1260 deaeque
1096 1203 1143 1244 me
1166 1203 1267 1248 omnes
1289 1205 1406 1262 pessu-

245 1281 301 1340 mis
324 1281 470 1356 oxemplis
493 1281 684 1354 interficiant,
708 1282 777 1342 Nisi
799 1299 853 1356 ego
876 1282 957 1342 illam
982 1301 1069 1345 anum
1092 1283 1282 1346 interfecero.
1311 1281 1402 1345 Rud.

243 1373 283 1455 V,
307 1381 336 1456 3,
361 1381 416 1440 59:
440 1379 519 1438 Perii
542 1381 661 1441 herote:
691 1380 750 1440 otri
772 1399 818 1440 me
842 1370 1005 1458 suspendo,
1029 1383 1134 1444 occidi.
1180 1379 1265 1444 Trin.
1290 1379 1345 1456 ΙΙ,
1371 1387 1405 1460 4,

246 1478 321 1538 114;
345 1477 435 1536 Plane
458 1478 618 1552 periimus,
652 1479 721 1538 Nisi
743 1479 813 1554 quid
835 1496 890 1554 ego
914 1481 1130 1541 comminiscor.
1175 1478 1291 1544 Caecil.
1315 1478 1404 1544 Stat.

244 1570 306 1637 inc.
329 1569 391 1636 sah.
415 1570 453 1637 fr·
480 1577 535 1636 12:
558 1593 664 1636 nomen
688 1578 809 1652 virginis
832 1577 902 1637 Nisi
923 1579 1029 1640 mirum
1045 1584 1099 1652 est,
1124 1575 1328 1656 deintegrnbit
1356 1577 1402 1656 (h.

243 1688 272 1735 e.
295 1668 480 1750 deminuet).
511 1669 638 1738 Terent.
661 1673 794 1754 Adelph.
817 1673 866 1752 Π,
884 1679 919 1750 2,
944 1679 997 1740 23:
1022 1677 1092 1760 Nisi
1114 1695 1149 1738 eo
1173 1680 1211 1738 ud
1228 1683 1401 1740 mercatum

244 1763 340 1839 venio,
364 1771 499 1830 damnum
513 1781 725 1840 ,maxumumst
750 1771 859 1848 (Haas.
883 1773 923 1836 ud
947 1773 1065 1856 Reisig.
1087 1792 1117 1856 p.
1141 1778 1223 1848 458).

331 1883 357 1930 e.
402 1865 487 1930 Usus
525 1865 684 1933 interdum
724 1867 854 1934 liberior
893 1870 1107 1954 negligentiae
1141 1872 1279 1952 speciem
1319 1891 1400 1954 prae

244 1983 280 2029 se
302 1963 373 2030 fert.
419 1962 470 2028 Sic
493 1966 654 2032 nonsatis
682 1973 828 2032 44447444
851 1968 970 2034 dictum
994 1974 1044 2034 est
1070 1970 1226 2034 aPlauto
1249 1970 1316 2035 Mil.
1342 1970 1400 2051 IV,
1493 1967 1494 1992 ¹

240 2068 274 2144 4,
297 2067 339 2128 48
361 2079 444 2143 sqq:

636 2171 739 2232 matris
763 2151 861 2231 verbis
883 2171 1130 2232 Philocomasium
1154 2152 1311 2242 arcessito,

330 2266 381 2332 Ut,
404 2266 429 2326 si
452 2267 531 2326 itura
554 2269 594 2326 sit
614 2269 763 2343 Athenas,
791 2277 960 2328 esttecum
982 2270 1021 2328 ud
1043 2273 1161 2344 portum
1185 2270 1246 2329 cito
1270 2299 1309 2310 -

270 2357 487 2440 17144444,
511 2370 540 2422 te
565 2367 728 2427 soluturum
752 2383 816 2428 esse
840 2347 952 2430 nerem.

331 2458 351 2524 f
397 2458 500 2543 Saepe
523 2459 645 2527 accedit
668 2462 717 2526 vel
741 2461 894 2553 adhaeret
881 2469 981 2530 tseut
982 2471 1036 2529 ent
1037 2463 1068 2530 ia
1089 2484 1147 2545 per
1168 2469 1231 2530 aiei
1251 2466 1398 2551 14774444,

245 2558 332 2668 quod
356 2559 558 2640 cognoscitur
581 2576 627 2628 eo,
651 2562 735 2639 quod
759 2561 914 2626 eiusmodi
935 2571 1007 2628 sent
1009 2583 1048 2628 en
1050 2564 1096 2628 tia
1050 2564 1320 2632 tantecedenti
1344 2583 1397 2644 op·

246 2656 392 2741 ponitur,
421 2660 454 2720 et
476 2656 561 2736 quod
583 2655 662 2722 haec
684 2655 863 2727 coniunctio
892 2663 1091 2742 componitur
1119 2681 1190 2729 cum
1222 2662 1494 2738 4111444141

243 2756 336 2834 qood,
367 2773 456 2828 quum
486 2760 520 2818 et
545 2752 616 2818 cum
643 2761 748 2821 momen
793 2757 831 2822 In
861 2758 910 2834 his
935 2764 1106 2828 structuris
1135 2766 1196 2826 orsi
1223 2760 1291 2826 iere
1314 2761 1393 2826 idem

245 2849 404 2932 significat
427 2869 463 2916 44
486 2853 545 2921 scd,
568 2859 706 2916 44444444
750 2854 831 2922 Vide
854 2856 893 2921 de
917 2859 976 2926 hoc
1000 2878 1059 2926 usu
1082 2880 1107 2926 e
1124 2861 1197 2940 XII,
1220 2861 1294 2938 §2‚
1317 2864 1392 2924 n..4
1493 2861 1494 2926 1

244 2947 325 3014 0444
349 2948 385 3012 Β.
402 2949 439 3014 R.
456 2968 481 3015 c.
506 2955 561 3015 37:
586 2962 700 3016 stercus
724 2959 847 3036 egerito,
870 2959 931 3018 atsi
952 2962 1137 3025 intermestri
1159 2965 1287 3038 luneque
1311 2961 1394 3022 dimi·

244 3051 335 3124 diota,
360 3047 414 3114 uhi
436 3048 508 3113 vide
530 3049 764 3116 adnotationem
782 3051 973 3119 Schneidori
996 3056 1252 3131 Fleckeisenus
1244 3075 1277 3120 ιιι
1286 3053 1395 3122 lehnii

243 3146 346 3212 annal
377 3151 474 3228 1851,
503 3146 676 3229 74111111,
703 3153 779 3220 4444.
807 3157 891 3232 1,4.
916 3151 956 3217 24
986 3160 1150 3236 comparat
1176 3155 1395 3234 germanicum
1493 3215 1494 3228 ,

243 3241 438 3326 44414447
465 3249 498 3312 et
485 3243 621 3313 tteffer
645 3245 724 3312 haec
754 3251 897 3332 exempla
918 3250 1077 3318 Ρ14ιι4ιιι4;
1109 3252 1290 3319 7714233.
1313 3250 1395 3316 Rud
1493 3253 1494 3336 Ῑ

243 3349 317 3411 751.
339 3342 435 3408 Stich.
460 3349 530 3412 269.
556 3345 672 3410 Pseud.
700 3345 760 3426 IV,
783 3353 820 3430 6,
842 3355 893 3415 40
925 3350 1047 3428 Quibus
1074 3350 1156 3416 adde
1178 3349 1273 3416 haec:
1304 3347 1394 3434 Gapt.

240 3440 309 3520 III,
344 3447 362 3505 3
397 3460 423 3506 7
463 3447 542 3508 extr.
582 3445 645 3522 (ε
674 3445 771 3526 532);
813 3451 941 3526 Quam,
961 3451 1089 3517 melum?
1128 3451 1197 3528 quid
1231 3453 1394 3520 machiner,
1493 3491 1494 3532 ,

240 3542 313 3617 quid
330 3543 537 3618 conminiscar,
556 3541 685 3608 haereo:
709 3544 805 3622 [Nisi]
830 3567 921 3622 nugas
937 3552 1123 3626 ineptiasque
1147 3547 1237 3627 [ego]
1250 3532 1392 3628 1774141444

243 3657 409 3714 maxumas,
440 3639 479 3704 de
508 3659 537 3722 q.
568 3640 588 3706 l.
615 3641 670 3706 Rit
672 3641 749 3708 schl.
776 3644 948 3726 prolegom.
977 3645 1017 3710 ad
1042 3645 1125 3716 Trin.
1156 3664 1186 3729 p.
1213 3639 1273 3712 180
1301 3645 1390 3712 dicit:

245 3737 335 3815 „Nisi
356 3737 376 3800 i.
400 3755 427 3801 4.
452 3737 524 3804 ‘nisi
551 3741 636 3820 quod
670 3747 794 3806 certum
822 3747 871 3806 est
898 3745 1052 3810 maximas
1080 3764 1131 3810 me
1158 3763 1261 3826 nugas
1291 3749 1325 3824 et
1346 3743 1389 3806 in-

242 3833 817 3916 44414414414144474,4441444444
849 3839 1230 3920 eiusparttieulaeusu.“
1279 3838 1389 3915 Mill,

244 3936 272 4007 1,
296 3935 350 3998 23:
373 3936 433 3996 uisi
455 3954 543 3998 unum
566 3941 714 4014 epityrum
737 3946 820 4000 estur
849 3940 1041 4038 [insanum]'
1033 3961 1136 4003 insane
1160 3945 1243 4002 bene.
1289 3939 1338 4018 ΙΙ,
1362 3943 1388 4013 2,
1491 3967 1494 4006 ι

243 4033 299 4093 24:
334 4033 375 4090 Te
404 4033 504 4097 uideo:
539 4035 610 4094 Nisi
638 4040 774 4098 mirumst
803 4028 919 4099 lacinus
949 4043 1037 4118 cete,
1000 4039 1107 4104 tao
1137 4056 1165 4118 q
1190 4039 1210 4104 l.
1233 4038 1388 4107 Lindum..
1493 4029 1494 4032 ¹

240 4127 386 4196 ,414444
408 4146 513 4208 saepe,
537 4149 596 4226 pro
619 4135 680 4208 sed,
704 4134 957 4210 utGraecorum
980 4087 1150 4217 4444114
1181 4155 1245 4218 qua
1263 4137 1387 4204 notione
1493 4125 1494 4134 ’
