3076 4762
239 153 299 215 18ss
475 193 485 216 ἱ
677 145 805 186 VERBUM.
833 145 893 188 (ΙΙΙ).
905 145 954 190 Χῑῑι

234 339 339 402 bubus.
385 334 465 400 Cato
488 333 717 414 apophthegm.
740 351 792 414 ep.
816 331 898 416 Gell.
920 333 983 411 XI,
1007 334 1026 394 8
1050 331 1151 407 (Lien.
1167 331 1239 408 abl:
1263 333 1330 396 urbi
1354 365 1394 376 —
1523 303 1529 394 ⁵.

234 439 300 512 quis
314 438 457 512 perpulit,
481 443 515 496 ut
530 434 561 494 id
576 435 789 508 committeres,
805 433 892 508 'quod
910 434 1090 508 priusquam
1111 431 1238 506 soceros,
1259 436 1392 506 peteres,

232 541 266 595 ut
288 536 502 610 ignosceretur.
548 529 644 594 Ennii
667 529 819 595 Hecubae
840 527 878 594 ir.
896 535 930 592 7:
957 533 1070 595 utinum
1093 536 1220 590 mortem
1243 529 1393 604 obpsmu,

227 633 408 708 priusquam
435 634 549 690 coenat.
592 627 728 692 Medeae
756 626 859 692 exulis
886 625 924 692 fr.
949 631 1009 706 21,
1030 643 1059 690 v.
1084 629 1160 690 323:
1189 628 1308 702 Inspice
1336 628 1394 691 boo

232 728 349 790 facinus
366 731 459 802 price
481 745 571 800 quom
592 728 654 799 fiat.
699 723 803 790 Plaut.
827 725 943 806 Amph.
966 724 992 803 I,
1019 729 1045 793 1,
1068 727 1123 790 85·;
1146 727 1283 786 Animam
1306 727 1392 786 omit·

233 833 299 888 tunt
323 829 414 900 precs
442 843 533 900 paam
561 828 628 887 loco
655 825 825 899 demiprcrrt.
872 827 907 902 3,
937 827 992 888 35:
1028 827 1111 888 exire
1141 841 1187 884 cuv
1205 824 1280 884 urbe
1301 823 1394 896 prem

232 941 322 996 quarn
344 925 470 984 tricoccum
491 926 568 984 volo.
597 920 690 1001 Epid.
711 920 737 1000 1,
764 926 791 1000 1,
814 923 958 986 66-68;
983 925 1060 997 Quin
1080 929 1198 997 patrem
1214 922 1305 996 prbe
1320 938 1393 980 con·

232 1024 334 1082 venire
351 1039 408 1082 nou
421 1023 488 1083 volt
498 1037 594 1097 neque
611 1039 642 1082 se
659 1023 840 1096 conspicari,
855 1022 953 1097 eccm
967 1021 999 1082 id
1012 1027 1187 1097 urgentem,
1205 1018 1285 1094 quod
1301 1019 1391 1078 dobe-

231 1127 281 1179 tur
294 1137 349 1196 pro
365 1121 427 1193 illo,
443 1119 684 1180 deminoraverit.
708 1116 823 1182 Bacoln
838 1117 882 1196 11,
901 1123 934 1197 1,
945 1118 979 1181 6:
995 1121 1041 1182 Ne
1053 1121 1231 1182 Nicobulum
1247 1133 1293 1204 uso
1310 1117 1392 1184 sinat

230 1224 363 1278 nostrum
380 1235 481 1278 senem
496 1217 590 1278 Prius
605 1218 765 1278 conuenire
781 1235 870 1290 quom
886 1217 1017 1278 sodalem
1033 1217 1168 1278 uiderim.
1194 1211 1265 1282 Mil.
1287 1210 1345 1290 IV,
1361 1217 1391 1290 3,

230 1319 264 1378 3:
280 1319 362 1378 nullo
378 1315 453 1376 heac
468 1323 558 1391 pacto
574 1321 676 1392 potest
689 1315 783 1388 Prius
799 1316 831 1391 [a
845 1313 906 1390 me]
921 1317 952 1376 in
968 1317 1051 1378 aedis
1067 1317 1171 1391 recipi,
1194 1331 1284 1388 quoru
1306 1313 1390 1372 illam

231 1415 391 1476 omiseram.
437 1411 533 1478 Mero·
560 1413 591 1492 1,
613 1417 650 1491 2,
673 1417 729 1476 44:
758 1415 836 1487 Quin
858 1416 932 1486 iem,
956 1415 1139 1488 priosum
1167 1414 1226 1472 sim
1244 1413 1390 1484 elocutus,

174 1581 176 1586 ,
228 1515 307 1573 scias
330 1515 354 1573 si
370 1514 492 1573 mentiri
514 1515 611 1575 velim.
646 1509 703 1586 III,
727 1514 832 1590 4,16:
855 1513 1052 1585 Priusquam
1071 1511 1389 1584 rccipiosoubelitum,

227 1612 295 1671 Uno
318 1613 410 1671 uerbo
434 1611 673 1685 eloquerecett.
696 1607 813 1674 Pseud.
837 1609 866 1687 Ι,
889 1615 919 1687 3,
946 1613 999 1672 13:
1032 1608 1110 1682 Quid
1131 1607 1301 1683 properas?
1323 1612 1389 1684 pla·
1490 1665 1492 1668 .
1528 1673 1529 1686 ,

228 1709 305 1769 cide.
333 1703 414 1770 CA.
439 1712 479 1769 At
495 1709 589 1781 pricos
611 1726 701 1782 quoru
723 1710 817 1770 obeat.
861 1706 957 1772 Poen.
981 1705 1012 1784 Ι,
1034 1709 1064 1784 2,
1088 1707 1165 1771 108:
1189 1705 1281 1764 Prius
1296 1722 1389 1780 quom

227 1807 328 1865 Venus
351 1808 586 1881 repararetur,
612 1807 696 1882 prius
724 1809 928 1882 deproperent
957 1805 1060 1866 sedulo
1087 1803 1283 1866 Sacrufieare.
1328 1799 1386 1882 iv,

227 1905 257 1980 2,
280 1905 336 1965 86;
360 1905 437 1977 Quin
454 1906 545 1978 prius
568 1905 726 1980 disperibit
748 1903 827 1978 fuxo,
849 1921 938 1977 quoru
959 1920 1048 1966 uuum
1071 1904 1184 1988 calcem
1207 1903 1320 1964 uomit.

314 2004 365 2063 28.
409 1999 572 2064 Porticule
594 2000 748 2080 temporis
769 2003 822 2064 obt
843 2018 914 2066 oum
939 1997 1138 2067 coniunctius
1154 1998 1322 2064 coniuncte
1337 2004 1404 2066 est¹

227 2095 335 2160 Plaut.
358 2096 474 2162 Bacch.
498 2096 558 2178 111,
583 2103 613 2178 3,
637 2103 691 2163 27:
716 2100 765 2162 ubi
789 2102 967 2177 revenisses,
991 2096 1046 2162 ubi
1067 2095 1240 2166 deiterata
1262 2097 1388 2168 actione

225 2194 371 2274 loquitur
397 2195 516 2264 Ludus.
546 2188 662 2277 Amph.
686 2195 712 2274 I,
738 2202 766 2276 1,
791 2201 867 2262 283:
897 2197 955 2259 Ubi
978 2227 1020 2240 —·
1047 2197 1140 2260 nolim
1165 2193 1388 2262 coniunctivus

227 2297 277 2357 est
291 2291 489 2374 potentialis,
512 2291 593 2359 Rud.
616 2294 673 2374 IV,
696 2299 726 2374 6,
749 2299 802 2360 10:
828 2299 927 2372 Atque
951 2292 1073 2374 (facile)
1096 2295 1192 2375 ut'mi
1213 2297 1388 2370 Ampelisca

224 2395 333 2471 nubet,
362 2395 414 2454 ubi
445 2413 499 2470 ego
526 2396 583 2456 sim
605 2396 683 2456 liber
704 2398 837 2474 propter
859 2392 1037 2456 orationem
1058 2390 1221 2471 obliquam
1251 2391 1387 2472 positus.

223 2489 350 2554 Terent.
373 2491 457 2554 Eun.
481 2489 538 2568 ΙΙΙ,
565 2495 591 2569 l,
618 2492 656 2553 16
680 2496 807 2556 autem:
836 2494 927 2566 Quasi
952 2495 1006 2553 abi
1032 2493 1117 2552 illam
1138 2496 1279 2565 expleret
1296 2495 1385 2554 mise-

222 2592 297 2649 riem
321 2608 358 2650 ex
380 2593 495 2660 enimc,
526 2591 578 2650 obi
605 2594 744 2652 nonest
769 2589 926 2667 particulo
955 2588 1122 2672 temporis,
1152 2588 1210 2654 sed
1233 2591 1284 2652 est
1305 2587 1387 2655 boec

222 2684 403 2749 enunciatio
427 2685 562 2750 relativa
584 2684 748 2750 consilium
772 2685 968 2768 significans,
990 2687 1036 2752 ite
1058 2691 1180 2752 utnon
1206 2685 1386 2768 intelligam

221 2782 298 2862 quid
321 2783 382 2847 sibi
403 2782 481 2848 velit
496 2783 642 2848 Donatus
666 2784 826 2864 explicans
848 2784 928 2850 illud
951 2803 1009 2865 per
1031 2787 1158 2859 quoodo.
1189 2787 1387 2864 Qcoodpcr·

220 2879 320 2945 ticule
354 2899 425 2945 cum
459 2881 661 2946 conjunctivo
691 2883 797 2963 posita
830 2888 880 2948 est
912 2882 1017 2948 Plaut.
1049 2882 1165 2948 Pseud.
1188 2881 1237 2961 ΙΙ,
1267 2887 1302 2954 2,
1326 2887 1384 2948 29:

221 2987 344 3056 argento
367 2981 442 3042 haec
473 2982 537 3044 dies
564 2984 791 3058 Praestitutest,
821 2983 920 3056 quood
941 2982 1068 3055 referret
1098 2983 1197 3052 uobis,
1228 2979 1285 3044 ubi
1308 2999 1384 3046 con·

219 3076 379 3144 iunctivus
412 3078 578 3144 eonsilium
609 3080 768 3160 exprimit.
815 3077 982 3145 Difficilior
1009 3084 1060 3147 est
1088 3079 1129 3161 ad
1157 3076 1382 3158 explicandum

219 3176 438 3241 coniunctivus
460 3181 535 3256 post
557 3177 711 3258 temporis
737 3182 820 3258 part.
849 3185 885 3239 ut
911 3177 1037 3258 positus
1067 3177 1194 3241 Terent.
1218 3176 1296 3252 Hec.
1319 3175 1380 3250 Ill,

218 3278 247 3351 3,
276 3278 332 3339 18:
362 3278 421 3338 iem
444 3281 479 3336 ct
505 3280 594 3336 limen
618 3279 743 3350 scirem,
771 3291 863 3354 quem
889 3275 1112 3342 Schmiederus
1139 3275 1185 3338 ite
1216 3273 1378 3354 explicare

217 3371 472 3449 senectutem
498 3371 578 3437 haec
601 3373 853 3438 circumscribet:
883 3391 954 3438 oum
982 3373 1046 3438 iam
1071 3373 1105 3438 iu
1125 3391 1165 3436 eo
1188 3390 1310 3453 essem,
1341 3377 1380 3438 ut

217 3466 313 3532 limen
336 3470 464 3534 exirem.
509 3470 593 3536 Puto
620 3471 662 3536 ad
688 3471 1036 3552 sodomamaciem
1064 3475 1192 3551 poetam
1223 3470 1320 3534 etiam
1343 3477 1380 3532 ot

216 3566 246 3630 h.
270 3566 289 3630 l.
312 3566 500 3647 imperfecto
523 3569 716 3634 coniunctivi
736 3571 887 3636 iunxisse.
1248 3619 1251 3624 -

302 3670 350 3730 29.
404 3667 614 3730 Contracturae
651 3686 716 3730 mom
753 3671 926 3734 cooccsstoo'a
958 3669 1214 3730 contractionibus
1247 3672 1375 3734 teocius.

215 3761 295 3828 Octo
317 3762 353 3828 R.
377 3762 415 3826 R.
440 3783 465 3830 c.
491 3770 523 3830 1:
546 3767 684 3840 paramum
705 3776 902 3843 quaestuosus
924 3769 989 3838 sict.
1034 3765 1140 3830 Plaut.
1163 3764 1281 3832 Bacch.
1304 3767 1331 3847 Ι,
1348 3773 1377 3840 1,

213 3866 270 3926 49:
295 3865 431 3935 promote
454 3867 552 3926 subito
575 3867 687 3930 ocutos.
718 3865 766 3928 De
789 3869 843 3928 etsi
858 3883 930 3931 cum
952 3862 1154 3930 coniunctivo
1176 3864 1286 3931 iuncto
1301 3865 1375 3932 vide

212 3959 317 4024 Hand.
330 3959 466 4024 Tursell.
484 3960 526 4037 ΙΙ,
547 3966 651 4040 putidi
663 3979 711 4042 art.
729 3961 833 4028 Plout.
851 3962 935 4026 Trin.
949 3961 1009 4042 ΙΙΙ,
1022 3967 1051 4041 2,
1065 3966 1121 4028 53:
1146 3966 1266 4026 debitur
1285 3967 1376 4043 iguis,

214 4064 273 4120 toro
286 4060 339 4119 etsi
358 4061 397 4120 ab
410 4061 531 4120 inimico
542 4065 638 4133 petas.
669 4059 798 4126 Terent.
812 4060 893 4124 Eun.
909 4061 951 4139 ΙΙ,
969 4066 996 4140 1,
1013 4065 1069 4124 1οτ
1086 4062 1226 4130 Memini,
1242 4066 1304 4122 tam
1319 4063 1376 4124 asi

212 4161 311 4219 nullus
333 4175 461 4218 mereor.
492 4155 672 4234 Utrobique
694 4158 913 4224 coniunctivus
936 4163 986 4226 est
1009 4157 1201 4238 potentinus.
