3076 4762
200 151 261 212 130
637 138 765 180 vnuuun.
793 139 856 179 ese.
871 140 919 181 xri.

196 327 292 410 babit
316 340 375 399 too,
398 323 457 392 bid.
480 327 573 409 Epid.
607 325 651 404 V,
677 332 705 407 l,
729 331 786 392 27:
811 330 967 406 Opperire,
991 329 1061 389 darm
1083 331 1178 403 ecsero
1200 331 1239 390 ad
1260 338 1291 392 te
1313 337 1363 392 ar·

197 431 328 506 gentum.
354 424 470 492 Bacch.
494 423 553 504 ΙΙΙ,
571 429 599 501 3,
616 431 673 490 39;
696 429 806 487 Noster
830 434 904 504 esto,
927 426 998 486 dum
1020 435 1050 487 te
1067 429 1180 502 poteris
1201 427 1362 489 defensare

197 527 315 588 iniuria.
340 521 424 589 Men.
437 521 463 602 I,
477 529 506 601 3,
522 526 574 586 11:
597 525 745 588 Meretrix
760 525 908 599 tantisper
923 525 1085 597 blanditur,
1108 525 1178 586 dum
1193 524 1259 586 illut
1282 525 1368 601 quod¹

197 620 298 700 rapiat
327 622 413 684 uidet.
460 617 558 686 Mero.
588 619 652 700 III,
681 625 719 698 4,
749 624 806 683 72:
836 619 920 680 Adeo
943 621 1014 681 dum
1041 623 1122 683 illius
1152 623 1301 698 cupiditas
1331 629 1362 683 te

198 729 288 797 atque
323 737 405 781 amor
438 721 559 781 missum
593 719 686 792 facit?
720 716 816 781 Poen.
840 721 901 780 act.
924 715 967 788 11,
995 735 1023 780 v.
1052 721 1111 781 44:
1146 721 1223 796 Age,
1259 727 1365 782 camus

198 821 289 895 intro,
311 817 383 877 dum
405 823 474 879 exta
494 807 678 890 reseruntur.
703 814 751 880 Se.
776 813 833 878 ult.
851 832 878 878 v.
897 818 951 879 36:
975 817 1059 875 Dum
1082 819 1249 877 auctionem
1273 817 1364 890 focio,

200 918 250 978 bic
273 934 348 991 opus
371 922 418 977 est
445 917 559 991 aliquot
584 923 616 976 ut
645 933 765 975 maneas
789 915 862 974 dies.
899 911 980 975 Rud.
1004 902 1064 989 ill,
1088 917 1124 992 4,
1148 917 1202 977 69:
1226 907 1364 976 Utilius

83 1094 87 1106 .
200 1031 312 1087 serves,
334 1013 392 1073 rim
417 1011 570 1086 defendas,
594 1013 664 1072 dum
687 1029 741 1087 ego
764 1030 847 1071 erum
871 1011 985 1071 adduco
1007 1026 1113 1070 meum.
1160 1013 1188 1087 6,
1211 1015 1269 1074 42:
1293 1011 1364 1071 dum

199 1112 321 1186 recipis,
344 1107 375 1172 h.
400 1127 426 1172 e.
450 1109 526 1172 dum
548 1109 633 1174 redis
656 1126 718 1173 sec.
742 1107 870 1186 Pistor,
893 1119 966 1172 nam
987 1109 1134 1183 recipere,
1163 1114 1199 1170 nt
1221 1106 1364 1187 saepius,

201 1201 430 1286 significatione
453 1205 603 1270 reflexim
625 1212 813 1285 usurpatum
838 1201 897 1270 est.
926 1203 981 1280 IV,
1000 1209 1027 1282 3,
1048 1211 1078 1268 1:
1103 1207 1180 1279 Quid
1204 1191 1366 1266 moneam?

199 1303 263 1368 TR.
287 1305 358 1365 dum
380 1307 456 1365 banc
480 1304 550 1378 tibi,
583 1323 668 1380 quom
693 1304 798 1378 trabis,
822 1305 977 1364 rudentem
1006 1306 1144 1378 couplico.
1190 1301 1283 1368 Truc.
1308 1301 1364 1380 IV,

199 1405 231 1480 4,
255 1403 312 1464 21:
336 1401 406 1463 dum
428 1406 514 1464 miles
530 1405 629 1478 aliquo
653 1401 894 1461 circumducitur.
925 1398 1053 1464 Terent.
1080 1401 1177 1464 Andr.
1200 1397 1243 1478 ΙΙ,
1265 1403 1363 1477 1,29:

201 1501 314 1560 Saltem
338 1503 452 1579 aliquot
479 1493 543 1560 dies
567 1499 675 1560 Profer
699 1495 865 1578 (nuptias),
888 1498 958 1558 dum
975 1501 1147 1572 proficiscor
1172 1499 1281 1573 aliquo'.
1305 1495 1364 1576 IV,

202 1600 233 1676 2,
258 1600 313 1660 31:
337 1599 395 1672 Tu,
423 1599 534 1673 Mysis,
564 1598 634 1658 dum
661 1614 748 1676 caco,
771 1614 933 1671 parumper
960 1599 1099 1672 opperire
1131 1597 1188 1658 bic.
1233 1593 1314 1658 Eun.
1339 1587 1366 1673 l,

202 1696 234 1773 2,
261 1697 335 1757 126:
360 1697 534 1770 expectabo,
558 1695 627 1754 dum
649 1695 737 1758 ucuii.
769 1691 807 1772 V,
825 1697 854 1770 2,
877 1697 930 1756 55:
953 1695 1010 1753 Vin
1033 1696 1159 1768 interea,
1183 1693 1253 1754 dum
1275 1693 1366 1761 acuit,

201 1794 291 1855 Domi
315 1795 505 1870 opperiamur
529 1795 638 1867 potins.
684 1789 800 1854 Heaut.
824 1789 849 1868 l,
879 1795 913 1869 i,
938 1795 992 1853 ὅδε
1017 1793 1081 1865 Ego
1108 1798 1138 1850 te
1167 1808 1263 1850 meum
1295 1806 1365 1850 esse

202 1891 262 1952 dici
285 1891 434 1966 tantisper
456 1891 539 1962 vole,
569 1890 654 1948 Dum
677 1891 754 1965 quod
777 1899 806 1948 te
830 1873 979 1966 dignumst
1001 1887 1103 1960 facies.
1149 1885 1278 1949 Phorm.
1303 1880 1366 1964 III,

202 1990 233 2066 2,
256 1989 313 2049 28:
337 1989 460 2064 Nequeo
483 2005 618 2059 exorare,
642 1995 675 2046 ut
697 2005 743 2046 me
764 1993 885 2046 mancat
906 1994 936 2046 et
959 2004 1025 2046 curn
1047 1988 1100 2047 illo
1116 1992 1149 2046 ut
1164 1991 1260 2046 mutet
1274 1985 1365 2043 fidem

202 2087 343 2147 Triduom
373 2086 443 2161 hoc,
470 2085 540 2144 dum
570 2085 600 2144 id
628 2085 705 2160 quod
735 2091 782 2145 est
809 2086 987 2158 promissum
1011 2085 1047 2143 ab
1076 2085 1179 2144 amicis
1207 2089 1366 2172 argentum

205 2182 319 2255 aufero.
363 2179 401 2260 V,
426 2186 455 2260 7,
479 2183 533 2243 89:
557 2183 742 2258 obsequere,
765 2183 872 2253 retine,
895 2181 965 2242 dum
989 2183 1117 2256 egobnc
1141 2199 1244 2242 servos
1268 2195 1364 2239 evoco.

203 2278 263 2344 Ad.
287 2277 329 2359 II,
355 2284 382 2358 l,
399 2278 457 2343 42:
482 2281 625 2341 Delibera
641 2280 706 2354 hoc,
732 2280 803 2338 uum
819 2296 873 2354 ego
887 2277 983 2346 redeo,
1006 2295 1034 2341 u.
1051 2277 1207 2357 llrneger.
1232 2291 1367 2356 gramm.

202 2376 258 2442 lat.
283 2373 300 2457 a
324 2381 394 2441 aaa.

292 2475 321 2539 d.
368 2471 572 2553 Coniuncto,
605 2490 687 2552 quae
720 2471 874 2552 temporis
904 2471 1065 2535 terminati
1096 2472 1253 2536 rationem
1285 2471 1373 2536 desi-

204 2576 291 2652 gnat,
319 2569 459 2634 refertur
486 2570 527 2632 ad
557 2567 780 2649 conditionem,
810 2585 873 2648 qua
905 2567 1013 2648 aliqua
1040 2569 1201 2634 sententia
1228 2567 1280 2633 vel
1316 2585 1370 2634 res

205 2672 382 2734 coercetur.
428 2667 489 2730 Est
511 2665 594 2729 enirn
617 2665 746 2745 proprie
769 2667 809 2730 ad
836 2666 920 2731 hunc
950 2666 1122 2730 terminum
1145 2684 1258 2747 usque,
1282 2667 1371 2732 intra

205 2765 265 2830 bos
282 2763 470 2829 conditionis
486 2763 649 2843 terminos,
673 2759 733 2826 bia
756 2781 796 2847 gu
819 2763 943 2842 maiae
955 2779 984 2826 m
1001 2759 1161 2842 aurete,
1185 2765 1271 2846 quod
1288 2765 1371 2830 Ger·

205 2863 291 2928 moni
316 2861 411 2926 etiam
435 2861 545 2926 dicunt
566 2859 746 2942 ittoiaen.
790 2861 860 2927 Hoc
889 2860 981 2925 modo
1013 2861 1203 2940 exprimitur
1226 2861 1370 2926 conditio

206 2959 431 3032 concedendae,
466 2957 514 3023 rei
550 2957 764 3040 restringens,
800 2974 894 3040 quarn
926 2959 1106 3038 germanice
1135 2973 1192 3023 nos
1222 2959 1371 3039 dicimus,

206 3069 310 3124 menn
340 3057 425 3129 tut,
461 3074 532 3121 nur
566 3049 647 3134 bui.
681 3053 799 3135 (Hand.
827 3075 857 3136 p.
888 3059 971 3131 324.)
1027 3055 1225 3136 Quamquam
1258 3063 1370 3122 autem

205 3154 353 3222 Handius
378 3153 531 3232 affirmat,
569 3151 629 3218 hac
656 3150 886 3234 significatione
922 3152 1060 3232 positum
1088 3155 1158 3214 dum
1184 3155 1372 3220 necessario

209 3252 411 3320 coniunctivo
434 3251 532 3332 iungi,
554 3251 745 3316 indicativus
761 3253 869 3314 tomen
891 3249 1015 3330 positus
1038 3251 1088 3312 est
1110 3249 1261 3317 aPlauto
1277 3249 1371 3318 Pers.

207 3349 269 3429 III,
294 3355 322 3428 l,
347 3353 400 3414 59:
428 3349 511 3411 Dum
533 3349 584 3412 dos
607 3354 657 3423 esi,
681 3352 793 3410 nullum
816 3351 919 3410 vitium
943 3351 1014 3410 vitio
1036 3351 1174 3411 vortitur.

298 3449 326 3508 8.
370 3443 419 3508 De
442 3444 599 3525 particula
621 3445 711 3506 donec
732 3462 802 3509 cnm
827 3445 997 3508 indicativo
1020 3444 1129 3510 iuncta
1144 3445 1216 3510 vide
1238 3449 1375 3524 praeter

207 3541 369 3608 Handium
397 3539 429 3605 in
457 3541 637 3606 Tursellino
665 3540 710 3617 ΙΙ,
738 3559 769 3622 p.
798 3544 860 3605 295
904 3539 1198 3607 Weissenbornium
1225 3543 1259 3607 in
1287 3547 1372 3626 synt.

208 3638 265 3704 lat.
288 3655 319 3718 p.
345 3643 406 3702 344
429 3641 464 3702 et
486 3637 681 3718 Madvigium
710 3637 743 3701 in
767 3653 896 3720 gramm.
926 3636 979 3702 lat.
1003 3657 1033 3720 p.
1058 3641 1129 3703 321.
1176 3639 1283 3723 Leges
1306 3639 1374 3706 XII

210 3733 299 3801 tabb.
322 3733 385 3814 VI,
408 3741 443 3800 9:
471 3737 562 3796 donec
589 3736 710 3812 dempta
733 3741 827 3798 eruut.
862 3734 941 3799 Cato
962 3733 1000 3799 R.
1023 3737 1059 3801 R.
1084 3754 1109 3801 c.
1135 3741 1193 3803 67:
1217 3753 1373 3803 amurcam

210 3839 489 3909 commutatusque
517 3833 602 3901 aueo,
628 3833 718 3894 donec
746 3835 894 3895 inlocum
919 3865 957 3878 ·—
975 3837 1153 3908 posuerat.
1196 3834 1259 3901 lb:
1283 3837 1377 3899 douec

210 3933 244 3994 in
267 3930 376 3991 dolium
392 3929 570 4002 peruenerit.
623 3926 657 3991 C.
689 3933 745 3992 aa:
770 3931 863 3990 Lacte
886 3931 978 3992 addai
1005 3937 1149 4008 paulatim
1171 3943 1266 4010 ua'quc
1289 3936 1376 4004 adeo,

210 4019 301 4088 douc
332 4043 448 4086 cremor
475 4043 596 4086 crassus
619 4027 677 4084 crit
702 4026 809 4088 factus.
860 4022 894 4090 O.
917 4030 971 4090 88:
1007 4029 1042 4088 ld
1070 4033 1231 4106 aliquoties
1260 4033 1292 4092 in
1325 4034 1374 4092 die

211 4119 373 4201 [quotidie]
396 4121 497 4196 facito,
520 4138 613 4198 usque
632 4119 715 4182 cdeo'
728 4121 820 4182 donec
835 4127 879 4185 sal
899 4124 1038 4186 desiverit
1057 4129 1215 4190 tabescere
1238 4131 1375 4190 biduum.
