3048 4770
568 193 836 248 BREVssrOQUEN'ssA·
1071 189 1074 196 ⁸
1226 211 1296 276 215

121 380 227 457 credo,
251 379 385 455 militem,
408 397 451 446 sc.
475 381 672 461 pastona
694 389 754 450 cst.
799 383 888 454 Asin.
911 385 972 468 ΙΙΙ,
1001 391 1031 467 3,
1060 392 1116 454 361
1147 393 1222 454 Tum
1255 400 1289 456 tu

123 479 216 552 igitur
238 481 361 554 loquere
385 478 464 553 quod
486 481 577 544 lubet.
622 479 686 546 Lu.
711 486 797 546 Hanc
820 487 922 548 hercle
938 487 1110 565 verboram,
1126 505 1170 552 ec.
1186 486 1285 554 lubet.

123 573 198 638 Aul.
228 572 272 651 11,
298 578 329 653 8,
357 577 413 640 20:
444 579 551 640 anlon
579 582 731 659 maiorem,
760 584 786 644 si
814 589 901 658 potes
931 581 990 662 (sc.
1012 583 1148 664 petere),
1175 587 1298 648 vicinia.

124 675 208 736 Pete.
259 669 349 751 capa
384 670 427 751 ΙΙ,
459 677 488 750 1,
512 678 568 738 39:
607 696 686 740 nnnc
719 687 753 742 ut
784 682 857 742 milri
890 687 919 742 to
954 683 1020 744 volo
1053 699 1122 744 esse
1155 690 1286 761 autumo,

122 769 180 840 ubi
202 770 243 836 ad
271 768 465 838 alterutrum
491 771 625 838 verbum
653 792 715 836 esec
760 787 867 844 mente
903 775 1084 842 addendum
1121 781 1182 843 est.
1226 776 1287 858 III,

124 873 154 948 ὅ,
179 873 236 934 241
268 870 345 931 Dum
374 887 411 933 na
441 871 478 935 ob
507 871 677 950 malefacta,
704 893 835 949 peream.
887 872 980 939 Oura.
1009 872 1053 952 ΙΙ,
1077 879 1104 952 1,
1129 878 1184 940 33:
1209 877 1286 957 Yatr,

121 968 205 1032 solus
228 967 277 1030 bic
300 969 417 1028 homost
439 970 489 1044 qui
512 971 589 1030 sciat
612 972 762 1049 divinitus,
785 969 841 1034 ubi
863 989 935 1036 cum
958 969 1113 1036 Lambino
1137 987 1177 1036 ex
1191 988 1286 1053 prae-

120 1063 245 1146 gressis
268 1065 467 1126 eonlcotnrom
487 1066 586 1137 secoro
607 1067 829 1146 repetendum,
859 1067 945 1148 quod
973 1068 1001 1134 si
1031 1085 1095 1132 non
1119 1068 1177 1142 vis,
1208 1068 1284 1134 sim-

121 1163 238 1244 plicius
261 1161 358 1228 etiarn
381 1179 452 1226 curn
476 1160 638 1228 Gronovio
660 1166 725 1238 forr·
747 1168 853 1230 mente
881 1165 1002 1230 addere
1023 1169 1126 1245 potes.
1176 1170 1206 1236 3,
1232 1170 1287 1232 631

118 1262 376 1340 1111111111111
400 1263 647 1340 cappadocene,
670 1262 724 1326 ubi
747 1279 787 1326 ex
809 1263 1072 1328 antecedentibus
1094 1268 1201 1328 mente
1224 1264 1281 1328 ad-

122 1357 265 1426 dandum
288 1361 356 1424 est:
379 1359 521 1422 nostine?
544 1357 581 1437 V,
606 1363 635 1438 2,
659 1363 694 1423 6:
718 1362 819 1436 Nugas
840 1365 947 1437 garris.
976 1359 1042 1426 GH.
1088 1360 1189 1422 Soleo:
1217 1379 1287 1424 narn

121 1467 249 1536 propter
278 1475 329 1518 eas
357 1460 423 1519 vivo
450 1458 578 1520 facilius.
623 1455 777 1522 Similiter
803 1456 886 1522 Rud.
909 1457 965 1532 IV,
989 1463 1018 1536 4,
1043 1462 1100 1522 31:
1124 1462 1155 1521 Si
1177 1462 1230 1521 ille
1253 1467 1286 1522 te

120 1557 312 1630 conprimere
336 1558 466 1632 solitast,
489 1558 537 1616 hie
561 1564 664 1618 noster
687 1574 745 1618 non
769 1559 856 1633 solet,
880 1573 925 1620 sc.
942 1555 1151 1634 conprimere,
1174 1560 1208 1620 ot
1223 1554 1285 1620 Te-

121 1658 205 1716 rent
227 1650 285 1715 Ad.
309 1649 335 1729 Ι,
362 1656 389 1728 1,
414 1656 470 1716 54:
493 1653 583 1714 credo
610 1655 680 1729 iam,
708 1660 741 1714 ut
767 1653 854 1726 solet,
881 1655 1024 1730 Iurgabit.
1073 1651 1178 1716 Plaut·
1211 1651 1285 1718 Oea.

121 1749 165 1828 ΙΙ,
190 1752 220 1828 6,
245 1751 298 1813 161
321 1769 480 1824 perperam
504 1751 676 1811 Iamdudum
699 1753 802 1812 hercle
825 1748 952 1814 fabulor.
997 1748 1058 1819 CL.
1081 1755 1132 1825 pol
1158 1759 1191 1814 tn
1220 1754 1285 1828 qui-

120 1851 192 1910 dem
221 1847 277 1921 (sc.
305 1844 459 1910 fabularis
489 1851 680 1926 perperam),
708 1855 797 1922 atnoe
825 1851 915 1910 etiam
942 1849 1028 1912 incia
1077 1847 1137 1926 111,
1168 1853 1198 1926 2,
1231 1851 1284 1912 18:

121 1965 201 2008 nnnc
224 1949 289 2008 vale
312 1952 401 2020 atque
425 1949 513 2008 istam
535 1947 613 2020 iube,
644 1961 687 2008 sc.
718 1943 828 2008 valere
853 1945 934 2010 meis
960 1945 1075 2011 verbis.
1120 1944 1212 2026 Epid.
1239 1945 1278 2024 V,

123 2049 152 2123 l,
183 2047 218 2106 8:
250 2045 327 2116 Quid
359 2045 432 2119 agis,
461 2061 527 2107 nea
555 2041 773 2106 commoditas?
801 2041 865 2108 ΕΡ.
892 2045 977 2118 Quod
1001 2046 1101 2118 miser,
1134 2060 1176 2107 sc.
1200 2041 1277 2123 agit.

119 2139 236 2205 Bacch.
267 2138 306 2218 V,
338 2145 367 2217 2,
398 2143 436 2202 8:
465 2142 535 2202 Siue
564 2159 617 2200 suo
647 2158 740 2214 usqne
769 2141 926 2214 arbitratu,
955 2138 1010 2204 ubi
1039 2139 1283 2209 Schmiederus:

118 2258 185 2319 „sc
210 2236 333 2318 garrire
357 2253 412 2301 eas
434 2253 516 2316 quae
539 2235 679 2300 lubeat.“
724 2235 907 2316 Simplicius
930 2246 1038 2301 tamen
1060 2240 1111 2300 est
1133 2254 1172 2302 ex
1186 2255 1280 2317 prae·

122 2336 244 2417 gressis
266 2337 372 2398 mente
395 2333 513 2398 addere
535 2337 670 2398 deridere
691 2353 753 2397 nos.
798 2352 827 2396 v.
853 2337 909 2398 56:
932 2336 1030 2410 siquid
1053 2338 1096 2396 vis
1120 2338 1175 2406 (sc.
1208 2351 1283 2398 con-

121 2433 308 2514 castigare),
339 2435 432 2496 tilium
455 2437 667 2508 concastigato.
725 2429 790 2496 Mil.
821 2430 863 2511 Π,
892 2435 921 2510 6,
950 2435 1007 2494 211
1038 2431 1204 2510 Licetnel,
1227 2431 1285 2496 ubi

121 2532 241 2598 Gronz
265 2530 352 2608 „scil
376 2546 555 2610 expurgare
578 2528 658 2594 me.“
703 2528 952 2594 Lindemannns:
977 2527 1187 2608 „Interpellat
1209 2545 1281 2592 ora·

123 2631 247 2695 tionem
278 2628 573 2707 Periplectomenis,
602 2627 733 2706 licetne,
762 2627 882 2706 dicens,
911 2643 962 2692 me
985 2626 1188 2707 expurgare?
1219 2624 1283 2690 Sed

121 2728 238 2792 iratior
260 2725 356 2790 stiam
380 2725 487 2804 pergit
509 2743 606 2789 senor
628 2728 662 2789 et
683 2725 765 2790 mira
786 2725 956 2790 verborum
974 2725 1122 2812 congerie
1139 2730 1172 2789 et
1185 2741 1285 2804 prae-

122 2826 209 2891 clare
225 2821 300 2888 ficto
315 2823 357 2888 ad
370 2821 568 2890 iracundiam
584 2822 741 2892 sermonis
756 2821 885 2888 flumine
901 2822 934 2886 in
949 2839 1077 2888 servum
1092 2819 1285 2888 invehitur.“

122 2925 223 2990 Merc.
247 2922 273 3002 Ι,
296 2927 326 3001 2,
350 2927 406 2986 59:
430 2924 540 2984 Tamne
562 2921 701 2996 indignus
724 2920 850 2984 uideor?
874 2918 940 2984 (ΙΙΙ.
963 2923 1057 2987 Immo
1079 2922 1194 2997 dignus.
1220 2918 1283 2984 Ad.

121 3026 269 3100 Equidem
295 3021 417 3083 credidi.
447 3017 572 3082 Lamb.:
601 3034 664 3088 „sc
688 3035 739 3080 mc
766 3017 897 3096 dignum
921 3033 1008 3096 esse,
1035 3016 1086 3082 cui
1113 3015 1283 3096 supplices

123 3119 205 3186 Alii:
236 3137 286 3182 me
313 3117 479 3197 indignum
510 3115 612 3180 videri
647 3113 714 3190 tibi,
747 3114 798 3178 cni
831 3112 1023 3193 supplices.“
1070 3111 1126 3191 IV,
1162 3118 1191 3190 3,
1228 3118 1283 3177 24:

122 3223 257 3281 Haeres:
288 3219 366 3278 hand
394 3218 453 3277 vidi
483 3217 586 3292 magis,
615 3211 670 3276 nbi
697 3229 759 3276 sac.
788 3211 877 3276 Rost.
906 3215 1074 3276 comment
1119 3209 1224 3274 Plant.
1253 3227 1284 3290 p.

122 3318 378 3380 ascenaentem
399 3317 505 3380 mente
527 3309 707 3376 addendum
730 3314 790 3374 est
833 3308 930 3376 Poeu.
952 3309 1013 3388 ΠΙ,
1041 3313 1070 3380 2,
1100 3314 1153 3374 11:
1189 3311 1285 3370 Dite

65 3473 70 3479 .
123 3417 263 3492 perdant.
307 3411 367 3475 ΜΙ.
392 3413 453 3474 Vos
476 3413 593 3486 quidem
617 3413 729 3481 hercle,
754 3406 809 3471 ubi
830 3423 893 3475 sec.
923 3406 1011 3474 Rost.
1039 3424 1069 3486 p.
1094 3411 1154 3472 311
1179 3411 1287 3470 mente

114 3499 308 3578 'addendum
331 3513 394 3574 est:
419 3513 448 3571 di
474 3511 610 3585 perdant.
655 3503 711 3581 IV,
736 3509 766 3581 2,
790 3508 847 3569 34:
875 3509 969 3568 malus
1002 3523 1077 3570 sum.
1124 3501 1287 3584 1311111

124 3614 177 3672 sla.
222 3607 293 3674 Ml.
322 3610 364 3670 Te
384 3609 460 3686 volo,
489 3605 531 3670 ad
560 3623 589 3685 q.
612 3604 634 3669 l.
664 3603 861 3671 Gronovius:
890 3601 953 3682 „Et
978 3600 1030 3666 hic
1056 3600 1145 3666 iocus
1173 3606 1225 3664 est
1246 3617 1288 3664 111

123 3705 349 3786 ambiguitate,
378 3721 442 3784 qua
471 3721 567 3783 saepe
594 3701 679 3766 ludit
706 3699 849 3766 Plautus.
898 3698 986 3766 Haec
1012 3699 1095 3764 enim
1123 3698 1222 3763 verba
1244 3696 1288 3762 ad

123 3801 354 3884 praecedentia
377 3803 481 3867 relata
503 3798 695 3881 significant:
719 3797 860 3864 ravon
885 3796 941 3862 tibi
967 3795 1086 3862 malum
1114 3812 1197 3874 esse,
1225 3793 1291 3860 tihi

123 3902 232 3982 ipsum
254 3899 395 3964 iumento
418 3907 474 3964 tuo
496 3916 661 3965 arcessere
685 3895 892 3977 supplicium:
921 3899 965 3972 11,
986 3897 1023 3958 ut
1045 3893 1156 3971 solent,
1185 3896 1288 3972 utque

122 3998 244 4078 accipit
266 3996 495 4074 servusalter,
517 3993 555 4061 te'
574 3995 645 4060 volo
673 3990 892 4060 conventum.“
937 3991 987 4058 Ex
1021 4007 1168 4056 sermone
1203 3989 1288 4054 alius

122 4097 259 4163 uerbum
281 4094 492 4174 repetendum
508 4101 566 4158 est
586 4093 627 4158 ib.
674 4091 711 4171 V,
736 4097 764 4166 2,
790 4094 843 4156 72:
872 4093 994 4155 Servom
1022 4091 1126 4152 hercle
1156 4095 1187 4152 ta
1217 4103 1287 4154 esse

121 4205 246 4270 oportet
269 4203 301 4253 et
324 4212 450 4270 nequam
474 4200 505 4256 ct
527 4195 634 4254 malum
660 4188 782 4254 -mi
814 4191 855 4250 nt
881 4190 985 4250 hercle
1016 4193 1046 4248 te
1077 4186 1227 4248 hominurn
1254 4188 1289 4246 et
