3036 4766
515 157 662 199 noornins
690 156 921 198 Pnnnlounnnuu.
1229 161 1290 223 373

231 365 259 412 a.
304 345 438 414 Ponitur
463 348 562 430 igitur
587 351 614 410 st
635 367 708 418 noa,
734 347 788 414 ubi
815 347 899 412 inter
929 345 1137 412 conditionem
1168 351 1201 408 et
1226 359 1294 407 ram

145 444 315 510 intercedit
334 445 579 526 consequentiae
601 445 783 512 necessitas.
815 444 977 510 Habemus
999 445 1030 509 in
1051 443 1101 508 his
1123 441 1296 522 plenumst

147 548 290 608 enacmin
326 543 575 609 ratiocinationis
609 543 761 624 speciem:
796 543 880 608 unde
908 541 1098 624 intelligitur
1130 539 1178 620 id,
1212 536 1296 619 quod

146 640 355 706 (bernhardus
375 641 600 722 tranquillitati
614 641 709 706 animi
725 640 846 720 tribuit,
862 639 902 705 ad
914 637 1166 704 ratiocinationis
1181 653 1297 717 aequa-

144 737 304 804 bilitatem
333 737 451 804 referri
476 739 603 804 debere.
654 741 760 820 Atque
782 755 878 818 saepo
906 735 958 818 fit,
986 745 1022 804 ut
1050 734 1209 804 sententia
1230 734 1295 814 pri-

143 836 248 901 maria
277 837 344 902 sine
374 837 498 902 adiecta
527 837 706 902 conditione
734 841 820 901 stare
848 854 910 902 non
940 837 1050 914 possit.
1096 833 1175 900 Octo
1198 832 1234 897 R.
1258 832 1295 897 R.

146 953 172 1000 e·
198 939 252 1000 54:
276 938 304 998 sa'
325 953 384 996 nou
406 938 595 1014 laborabunt,
622 944 784 1012 pascantur
806 939 899 998 satius
922 939 987 998 erit.
1032 933 1066 998 G.
1089 939 1164 997 147:
1188 933 1216 992 si
1237 947 1297 990 nou

146 1044 216 1096 ante
238 1052 276 1094 ea
297 1037 511 1110 exportaveris.
556 1032 650 1097 Ennii
671 1036 768 1098 satur.
792 1031 852 1098 inc.
875 1031 945 1098 libr.
968 1032 1005 1097 ir.
1028 1039 1050 1102 l,
1075 1050 1103 1095 v,
1121 1035 1176 1094 35:
1200 1032 1227 1092 si
1241 1031 1295 1090 illa

145 1151 206 1194 nou
228 1141 274 1194 est
296 1133 416 1194 frustra.
462 1130 565 1196 Plaut.
587 1131 673 1196 Asin.
697 1129 735 1209 V,
760 1134 796 1202 2,
820 1135 874 1194 57:
898 1129 933 1192 St
959 1147 1019 1191 uon
1048 1131 1179 1192 didicisti
1208 1127 1296 1188 fullo·

146 1233 235 1305 niam,
258 1233 323 1292 Nou
347 1231 550 1294 mirandumst.
594 1228 677 1294 Men.
702 1227 767 1308 ΙΙΙ,
791 1231 824 1307 d,
851 1233 903 1292 ll:
932 1229 1035 1290 Redde
1056 1230 1164 1304 igitur,
1191 1226 1298 1287 mimo

147 1330 316 1392 meministi.
360 1326 427 1392 Mil.
450 1325 491 1404 Π,
513 1331 542 1406 6,
567 1331 620 1394 bb:
643 1330 670 1389 si
692 1331 787 1392 istaec
807 1345 867 1389 oron
889 1333 936 1390 est
958 1330 1039 1388 isac.
1086 1321 1201 1388 Pseud.
1218 1319 1250 1400 1,
1267 1325 1298 1400 2,

148 1432 203 1492 78:
226 1423 443 1492 Memorabilis
466 1431 516 1490 est
537 1425 627 1491 locus
648 1425 690 1490 ib.
715 1431 744 1505 3,
763 1427 824 1491 138
846 1439 923 1505 sqq.
944 1424 999 1490 ubi
1020 1424 1050 1488 in
1067 1422 1177 1487 eadem
1201 1435 1299 1482 cnun-

146 1524 282 1590 ciatione
310 1525 372 1588 uisi
398 1527 431 1587 at
458 1525 485 1586 si
514 1542 574 1584 uon
603 1523 712 1588 emon}
741 1519 971 1604 significatione
1005 1521 1174 1586 coniuncta
1210 1519 1300 1580 sunt:

146 1625 258 1686 Verum
290 1639 464 1700 quamquam
494 1626 588 1684 multa
614 1625 749 1699 romaque
777 1624 858 1684 dicta
880 1625 995 1685 dixistis
1018 1623 1109 1696 milri,
1134 1617 1204 1679 Nisi
1226 1615 1297 1676 mibi

148 1719 263 1800 [hodia]
293 1723 430 1782 attulerit
460 1722 546 1782 miles
574 1723 701 1796 quinque
729 1739 801 1797 quas
833 1721 955 1784 delibat
982 1725 1090 1793 minas,
1119 1719 1203 1780 Siout
1227 1715 1301 1778 haec

145 1827 196 1884 est
218 1821 400 1894 praestituta
430 1836 543 1882 summa
569 1822 598 1880 ai
627 1829 751 1895 argento
774 1821 854 1882 dies:
885 1817 1185 1891 stromoncort,
1212 1831 1304 1891 posse

147 1919 256 1994 opinor
283 1916 384 1978 lacere
412 1933 459 1978 me
489 1915 620 1978 officium
643 1935 748 1978 meum.
794 1914 857 1996 ΙΙΙ,
884 1921 915 1994 1,
944 1923 988 1981 ll.
1019 1915 1074 1996 IV,
1099 1921 1132 1996 3,
1160 1921 1211 1980 l‘lr
1243 1917 1308 1976 Gor

148 2017 307 2092 conligatis
329 2017 407 2078 vasis
436 2022 575 2092 expectat
597 2033 707 2093 meum,
739 2013 774 2076 nt
795 2033 856 2076 nore
887 2021 997 2078 educat
1024 2019 1177 2078 mulierem
1203 2031 1302 2076 secum

147 2115 253 2189 semul,
275 2114 318 2176 Ut
337 2115 486 2174 exulatum
510 2120 684 2188 expectere
707 2114 841 2190 aufugiat
863 2131 938 2178 meo.
970 2113 1052 2178 Rud.
1076 2111 1107 2190 1,
1131 2117 1167 2191 2,
1191 2115 1245 2175 7οι
1269 2109 1307 2170 Si

146 2225 207 2272 run
233 2227 371 2285 moneas,
404 2218 521 2272 nosmet
547 2213 743 2274 meminimus.
795 2209 899 2274 Plaut.
929 2209 1042 2292 fragm.
1074 2209 1165 2276 Gaec·
1193 2227 1222 2272 u.
1248 2212 1306 2272 10:

150 2309 184 2372 Si
204 2325 265 2370 uon
287 2316 407 2372 strenua
431 2307 557 2383 latetur,
586 2309 636 2370 ubi
664 2312 705 2371 sit
732 2328 851 2388 aurum,
881 2313 1013 2371 mambra
1040 2312 1103 2372 eius
1132 2323 1307 2372 exsecemus

148 2426 243 2472 serta.
295 2403 409 2471 dcccii.
442 2403 522 2470 scat.
550 2405 609 2471 inc.
644 2403 707 2472 fab.
734 2404 772 2472 ir.
801 2410 856 2472 29:
895 2407 930 2468 st
961 2425 1021 2467 reon
1052 2411 1159 2470 sarciri
1194 2410 1307 2483 quitur.

147 2505 276 2570 Terent.
300 2503 397 2568 Andr.
421 2502 455 2582 1,
478 2507 515 2582 3,
539 2508 572 2568 3:
609 2508 691 2580 Quae
719 2508 825 2567 moon
848 2518 914 2567 astu
936 2507 1149 2582 providentur,
1184 2522 1230 2564 me
1255 2511 1308 2564 out

150 2621 234 2666 erum
257 2621 377 2679 pessum
400 2604 519 2664 mount.
566 2608 595 2678 5,
620 2607 654 2666 2:
687 2607 756 2680 quid
781 2614 841 2681 est,
864 2606 890 2664 si
913 2607 969 2664 hoc
991 2621 1051 2664 uon
1073 2582 1324 2666 contumeliasti⁸

147 2699 196 2776 ΙΙ,
223 2706 249 2778 1,
274 2704 332 2764 27:
353 2702 411 2762 Sed
433 2703 462 2761 sc'
477 2703 506 2762 id
528 2717 588 2761 uon
606 2708 708 2778 potest
727 2706 789 2764 Aut
811 2705 867 2764 tibi
890 2705 1010 2778 nuptiae
1040 2711 1109 2762 sunt
1131 2701 1223 2763 cordi.
1248 2698 1302 2781 IV,

148 2803 179 2879 2,
203 2803 237 2863 9:
260 2803 340 2877 Aga,
366 2802 394 2862 si
416 2801 464 2860 hic
487 2815 546 2860 nou
568 2801 681 2861 masuic
709 2802 782 2862 satis
805 2819 859 2862 sua
881 2810 1004 2879 sponte,
1027 2803 1145 2876 instiga.
1189 2800 1225 2877 4,
1248 2803 1303 2864 51:

146 2900 175 2960 ci
196 2903 247 2974 pol
270 2899 410 2974 Glycerio
431 2914 492 2956 ooo
514 2899 612 2958 omnia
635 2898 710 2958 haec
725 2945 733 2960 .
750 2941 781 2960 ..
825 2896 907 2960 Eun.
932 2895 999 2975 ΙΙΙ,
1023 2901 1053 2977 2,
1076 2904 1116 2961 49
1139 2915 1199 2976 su:
1222 2899 1250 2957 di
1271 2898 1301 2958 id

146 3013 207 3056 non
229 2997 450 3063 commodumst,
473 2997 515 3056 Ut
537 3001 672 3058 maneat:
695 2995 722 3055 si
746 2997 776 3056 id
797 3011 857 3055 nou
878 2999 998 3070 poterit,
1022 2997 1059 3056 ad
1082 3014 1128 3057 me
1151 2995 1300 3056 adducito.

147 3091 264 3157 Heaut·
288 3092 318 3170 1,
345 3097 373 3167 Ι,
396 3095 452 3156 dd:
483 3093 535 3154 sod
562 3094 589 3154 se'
615 3093 646 3155 id
672 3092 841 3171 conlucis,
871 3093 935 3169 Ego
966 3097 1045 3170 quod
1074 3112 1120 3154 me
1148 3096 1176 3152 iu
1209 3101 1239 3152 te
1262 3095 1304 3154 sit

146 3191 248 3254 iacere
272 3191 391 3268 dignum
414 3193 566 3252 invenero.
610 3189 688 3256 Hec.
711 3189 774 3268 ΙΙΙ,
801 3193 828 3269 1,
852 3195 885 3255 9:
909 3189 944 3251 st
965 3209 1024 3250 nora
1046 3193 1203 3259 rediisses,
1226 3193 1301 3253 baec

146 3292 211 3352 irae
245 3290 343 3352 iactae
367 3297 469 3350 assant
495 3292 588 3350 multo
621 3292 791 3364 ampliores.
843 3287 1019 3354 adscendit
1048 3288 1150 3353 oratio
1180 3305 1238 3368 per
1264 3307 1301 3351 ne

146 3388 263 3462 noman
286 3387 317 3451 in
340 3385 471 3466 spodon
494 3385 574 3450 Eun.
598 3382 653 3463 IV,
671 3390 700 3466 2,
720 3390 771 3451 10:
794 3389 821 3448 sa'
841 3405 900 3448 oon
924 3390 1064 3464 tangendi
1087 3391 1212 3463 copiast,
1236 3389 1301 3451 nno

147 3503 186 3546 na
208 3487 326 3548 videndi
349 3486 465 3560 quodem
488 3485 570 3549 erit?

234 3584 261 3647 b.
306 3582 395 3648 ldem
423 3587 474 3646 est
500 3599 594 3661 usus,
618 3581 743 3662 quando
767 3582 973 3648 conditionali
1003 3584 1236 3650 sententiares
1260 3601 1298 3648 ex

146 3685 240 3760 parte
265 3679 372 3760 aliqua
398 3679 621 3760 restringitur,
652 3683 689 3744 ut
718 3681 803 3761 qnod
831 3687 934 3746 restat
965 3683 1167 3747 concedatur.
1218 3682 1299 3747 Tum

146 3795 243 3859 saepe
264 3782 291 3842 ei
312 3797 371 3840 uon
392 3778 455 3844 vim
479 3778 598 3843 habent
620 3778 792 3844 verborum
824 3782 939 3841 etiamst
960 3797 1035 3860 nou,
1067 3786 1101 3846 et
1121 3785 1299 3862 sequuntur

146 3883 187 3956 ut,
209 3881 319 3942 sultam.
366 3875 594 3942 baconus.
619 3883 652 3940 2:
677 3877 710 3938 Si
729 3895 789 3939 raon
804 3897 839 3941 eo
856 3881 913 3955 dia,
937 3885 970 3939 ot
991 3883 1145 3957 postridie.
1174 3880 1299 3946 Terent.

146 3975 228 4042 Eun.
251 3976 307 4056 lv,
331 3981 361 4058 2,
387 3982 443 4042 ll:
467 3978 589 4038 stillum
611 3979 774 4052 nonlicet,
799 3978 909 4040 Saltem
932 3981 989 4041 hoc
1013 3981 1125 4043 licebit.

232 4093 257 4142 o.
302 4075 562 4142 Enunciationem
593 4091 651 4154 per
678 4079 705 4137 si
736 4073 903 4141 formatam
933 4076 1035 4141 altera
1055 4076 1212 4155 *sequitur
1243 4097 1303 4159 per

144 4177 171 4238 st
195 4186 259 4235 non
278 4171 371 4240 elata.
403 4173 481 4238 Oato
504 4172 540 4236 R.
565 4173 601 4236 R.
624 4189 650 4237 c.
674 4178 707 4237 2:
731 4177 950 4238 Paterfamilias
967 4177 1015 4236 ubi
1039 4177 1076 4235 ad
1094 4176 1192 4236 villaro
1210 4179 1299 4248 venit,
