3076 4762
230 190 291 251 180
665 182 793 225 euanuit.
827 183 892 224 ΟΑΡ·
905 185 956 224 xii.

226 377 299 448 qaia
332 375 369 435 ab
402 391 457 435 avo
491 375 555 434 eius
590 381 640 434 aut
666 393 778 450 proavo
808 377 986 452 acciperem,
1020 376 1071 450 qni
1098 381 1169 436 snat
1196 375 1321 446 monui,
1354 387 1384 433 r.

226 473 366 538 Gronov,

313 576 363 635 24.
410 571 582 632 Coniunctic
607 585 748 656 queem
776 590 842 632 cam
869 573 1055 632 acclamatae
1076 573 1187 634 iuncta.
1232 572 1263 645 a)
1287 572 1386 648 Quum

230 671 390 744 temporale
413 667 617 748 coniungitur
639 685 710 732 cnm
734 668 934 734 coniunctiva
949 667 1128 748 imperfecti
1152 667 1385 748 et'plusquam·

225 766 374 847 perfecti,
398 784 462 829 uno
485 770 610 831 tantum
633 763 719 844 lucc,
744 765 827 846 quod
851 765 963 844 sciam,
996 783 1067 831 cnm
1091 766 1170 830 coni.
1192 764 1383 845 praesentis,

224 859 331 928 Plaut.
354 861 469 928 Pseud.
493 863 518 944 Ι,
544 869 572 944 2,
598 869 652 928 51;
676 867 721 925 Εο
744 885 796 926 vas
820 875 994 943 vostrosque
1026 867 1100 928 adea
1122 868 1260 941 pantices
1282 866 1384 926 made·

224 961 339 1042 facitis,
369 981 456 1038 quom
484 983 537 1042 ego
567 967 625 1025 sim
651 965 705 1023 hic
722 967 834 1040 siccus,
863 963 917 1028 ubi
946 967 1054 1027 tauma
1084 964 1187 1027 etiam'
1204 961 1386 1028 concessiva

226 1061 325 1125 statui
349 1065 455 1141 potest
478 1059 676 1142 significatio.
719 1061 792 1125 Nan
815 1061 977 1142 pertinent
1004 1065 1112 1127 antem
1139 1061 1202 1124 huc
1229 1059 1385 1140 nequeii

224 1159 300 1238 loci,
326 1159 380 1224 ubi
413 1177 503 1234 paam
537 1177 607 1223 cum
638 1159 840 1225 coniunctius
870 1161 1013 1242 iungitur
1043 1165 1176 1240 propter
1206 1158 1392 1224 orationem‘

224 1255 383 1337 obliquam
410 1258 462 1330 (de
486 1257 786 1338 queritantes
812 1263 873 1336 32t,
897 1277 1000 1340 neque
1023 1259 1061 1336 ii,
1084 1258 1139 1321 ubi
1163 1257 1393 1322 coniunctivae-¹

223 1374 285 1419 non
316 1355 434 1435 pendet
456 1375 476 1418 a
496 1362 578 1436 part.
610 1376 714 1431 amam,
744 1357 799 1421 sed
828 1375 885 1436 per
915 1375 949 1421 se
971 1361 1097 1421 constat
1120 1354 1392 1436 etpatenualem·

223 1452 322 1518 habet
345 1452 626 1533 significationem,
656 1456 746 1519 cuins
769 1455 895 1538 generis
917 1454 1026 1519 multa*
1043 1454 1189 1535 exempla
1210 1457 1274 1518 iam
1296 1454 1317 1530 ξ
1343 1457 1383 1516 14

223 1551 327 1616 attuli.
373 1551 424 1616 Sic
452 1551 555 1617 Plaut.
584 1551 674 1633 capt.
703 1550 768 1632 ΙΙΙ,
794 1559 822 1633 3,
855 1559 885 1617 l:
916 1555 1003 1614 Nunc
1031 1557 1097 1614 illut
1126 1566 1188 1625 est,
1217 1569 1314 1628 quom·
1334 1570 1393 1612 me

222 1651 315 1711 inisse
339 1669 425 1728 quam
449 1669 515 1712 esse
539 1654 629 1713 nimio
644 1653 788 1715 mavelim.
825 1651 1132 1730 caecantem:
1155 1657 1249 1730 Quam
1265 1659 1388 1726 patrem·

221 1749 312 1809 adeas
334 1752 525 1824 postulatum.
557 1753 589 1827 6,
612 1753 668 1814 11·;
692 1770 765 1828 quas
788 1766 874 1826 qaam
895 1769 1013 1814 censeas
1037 1755 1111 1814 Esse
1135 1755 1257 1813 amicos.
1282 1748 1382 1812 Merc:

222 1841 281 1922 ΙΙΙ,
299 1849 327 1919 2,
345 1850 378 1909 7:
403 1851 589 1910 Adulescens
612 1864 699 1928 qimam
721 1846 791 1924 seia·
814 1862 874 1912 tum
899 1853 1300 1929 quomstsanguis'unteger,
1326 1847 1392 1906 Rei·

220 1953 251 2004 te
276 1947 466 2021 quaerundae
490 1953 629 2008 convenit
652 1967 771 2024 operam
797 1951 878 2011 dare.
905 1969 933 2013 v.
958 1953 992 2016 92
1017 1947 1150 2009 Demum·
1166 1951 1271 2024 igitur,
1295 1959 1393 2020 quom·
1432 1971 1433 1974 ¹

219 2044 278 2104 seis
307 2045 364 2103 iam
396 2063 501 2118 senex,
534 2055 593 2106 tnm
624 2049 654 2105 in
690 2051 781 2108 otium
811 2049 852 2108 Te
881 2053 1029 2109 conloces.
1074 2045 1209 2123 1V,as:
1241 2045 1391 2108 outossse

222 2142 333 2214 oratio,
361 2159 450 2217 pacm
481 2163 542 2204 rem
567 2161 655 2219 apes,
685 2148 873 2223 longinquom
902 2149 993 2223 loqui:
1044 2143 1133 2208 Pers.
1167 2141 1231 2220 ΙΙΙ,
1265 2145 1296 2211 1,
1325 2142 1392 2202 282¹

220 2243 319 2301 Etiam
344 2251 404 2302 tum
428 2245 516 2321 vivit,
546 2261 632 2318 quarm
659 2262 726 2304 esse
748 2245 852 2306 eredas
873 2253 1018 2306 mortuom
1048 2249 1148 2315 (menn
1181 2243 1221 2304 bu
1246 2233 1385 2324 glauben

222 2333 378 2420 fiuntur.)
417 2334 556 2405 'Terent
581 2341 676 2406 Andr.
702 2341 738 2418 V,
756 2346 785 2420 2,
807 2349 858 2406 ta:
882 2346 974 2421 Qmm
997 2343 1238 2413 iaciasiacias,
1262 2339 1391 2398 videtur·

219 2457 286 2500 esse
310 2442 459 2518 quantivis
481 2443 570 2516 preti.
615 2439 695 2504 Eun.
712 2439 766 2519 IV,
790 2447 818 2516 3,
845 2445 897 2504 17:
930 2453 1025 2520 neque
1048 2455 1141 2515 quara*
1156 2440 1281 2513 recites,
1310 2435 1392 2511 quiri¹¹

221 2538 261 2596 sit
283 2541 373 2598 audet
398 2541 508 2602 dicere.
553 2537 592 2616 V,
618 2545 646 2616 1,
664 2542 720 2602 22:
745 2541 828 2614 Vide,
854 2544 967 2618 amabo,
992 2543 1016 2600 si
1040 2557 1109 2607 non,
1131 2537 1380 2612 qacmaspicias,

219 2653 252 2694 cs
276 2637 422 2710 inpudens
445 2634 582 2697 Videtur.
847 2655 849 2664 ¹
963 2649 966 2656 ’

305 2731 403 2796 P'risc.
426 2731 579 2811 vulqp.
608 2739 669 2798 817
705 2753 743 2798 ex
770 2733 838 2799 Liv.
872 2735 1008 2799 Andron.
1043 2733 1103 2799 Od.
1135 2733 1155 2797 l.
1187 2729 1260 2798 XX:
1294 2747 1382 2806 pacm

219 2833 318 2892 socios
344 2838 462 2892 nostros
486 2835 689 2896 mundtiisset.
719 2835 832 2898 'Ennii'
852 2833 955 2898 annal.
980 2831 1000 2896 l.
1018 2831 1089 2910 VII,
1111 2831 1150 2896 fr.
1177 2836 1227 2909 lu,
1250 2847 1279 2892 v:
1302 2833 1380 2892 241:

218 2947 352 3006 magnam
384 2947 448 2988 cum
481 2933 577 2992 lassus
607 2935 664 2994 diei
688 2937 805 2996 Partem
834 2937 947 3008 suisset.
1000 2931 1095 2994 Ennii
1118 2927 1321 2994 Euhemerus
1342 2921 1381 2988 ir.

222 3029 269 3102 11,
292 3032 352 3091 47:
370 3046 436 3088 cam
459 3038 556 3092 terras
579 3034 726 3094 circuiret.
759 3029 861 3098 eleut.
888 3031 981 3095 Merc.
999 3025 1043 3105 ΙΙ,
1060 3035 1093 3107 4,·
1117 3031 1173 3093 19:
1197 3043 1285 3104 quom
1309 3027 1379 3086 iret

216 3121 310 3188 True.
335 3124 425 3204 1,‘2‚
450 3127 509 3190 61:
543 3148 632 3204 qaam
654 3135 742 3205 illuc,
765 3134 841 3208 quod
866 3133 944 3206 apud
967 3147 1019 3190 vos
1043 3145 1120 3188 nunc
1143 3133 1208 3199 est,
1236 3125 1316 3200 apud
1333 3137 1381 3181 ma

216 3223 364 3286 haberem.
381 3223 433 3301 .u‚
456 3230 487 3302 4,
512 3229 551 3290 29
568 3244 632 3305 sq.:
656 3231 767 3290 Verum
790 3235 953 3304 tempestas
976 3229 1095 3286 memini
1119 3242 1206 3302 quum
1230 3222 1380 3298 qnondam

217 3319 282 3394 init,
306 3323 399 3400 Quam
423 3328 502 3383 inter
525 3325 786 3386 nossorderemas
809 3329 1007 3388 alteralteri.
1038 3321 1167 3388 Terent.
1193 3319 1274 3382 Eun:
1298 3314 1381 3398 prol,

216 3428 246 3478 v.
269 3419 325 3480 22:
349 3421 544 3493 Magistratus
567 3441 653 3496 qaam
669 3427 710 3485 ibi
725 3424 847 3502 adesset,
871 3431 1027 3499 occeptcst
1043 3425 1099 3498 agi.
1132 3415 1331 3482 indicativus
1347 3417 1383 3478 et

216 3512 435 3578 coniunctivus
467 3518 625 3584 cliniuuuti
655 3526 730 3585 sunt
772 3519 820 3599 II,
852 3525 884 3594 3,
913 3527 969 3584 41:
996 3521 1148 3581 mensibus
1172 3519 1231 3579 Sex
1262 3523 1381 3592 septem

216 3630 339 3684 prorsus
367 3633 425 3673 non
455 3617 561 3677 vidisse
592 3623 759 3694 proruentis,
793 3623 976 3693 iliricum,
1005 3620 1252 3694 qaam'mtnuma
1275 3613 1382 3674 veliem

216 3709 401 3784 minumeque
432 3733 506 3786 opus
536 3716 603 3788 fait.
650 3715 754 3780 Etiam
788 3716 819 3780 in
848 3713 967 3780 iterata
994 3717 1118 3780 actione
1150 3713 1283 3792 ponuur
1305 3727 1381 3774 con·

213 3803 384 3868 iunctivus.
430 3807 482 3874 Sc
507 3809 597 3876 Ennii
622 3811 821 3877 Euhemerus
847 3813 884 3878 fr.
906 3821 952 3883 ll,
974 3812 1028 3877 lin.
1051 3821 1107 3878 49:
1130 3831 1196 3874 cam
1219 3829 1238 3872 a
1260 3827 1380 3888 quaque

214 3904 426 3977 diprcderetnr.
472 3907 575 3973 Plaut.
601 3909 714 3974 Bacch.
738 3907 798 3990 ΙΙΙ,
823 3917 852 3992 3,
877 3915 929 3978 29;
954 3911 1329 3992 camusnanesre,
1355 3913 1381 3972 ri

215 3997 275 4082 [iu]
301 4023 359 4064 une
380 4011 570 4080 peccavisses
594 4011 718 4087 sullaba,
744 4011 845 4070 uteret
867 4015 942 4074 ceti.

301 4099 333 4174 b)
378 4105 474 4182 Quum
503 4107 630 4168 caereale.
682 4107 782 4170 Pluut.
816 4107 901 4173 Asin.
930 4126 959 4172 v.
991 4111 1041 4174 80.
1073 4107 1165 4189 Capt.
1194 4107 1227 4185 Ι,
1256 4113 1294 4193 2,
1322 4115 1382 4177 43·

215 4201 339 4261 Alienus
373 4220 458 4275 qaam
493 4206 555 4266 eius
590 4209 805 4266 incommodum
839 4209 901 4268 tam
936 4211 1024 4285 aegre
1058 4211 1151 4284 seraa
1201 4207 1319 4276 Bacch.
1350 4229 1378 4273 v.
