3036 4766
238 165 300 228 384
519 160 583 200 GAP.
597 161 643 200 XV.
670 159 818 201 Doimlss
845 159 1094 200 temnentem

240 347 352 426 „oeae
373 351 483 426 inquit,
506 369 616 429 „poen
638 369 757 412 messe
779 350 963 426 Pmphilem
977 349 1051 410 ——.“
1072 349 1190 413 Heeut
1205 349 1247 417 11,
1263 353 1291 426 3,
1310 353 1399 412 10⁷:

239 448 332 524 Syre,
354 449 428 523 Syre
451 451 682 525 monumento
704 449 789 515 hese,
811 449 899 523 Syre.¹
940 447 998 512 Ad.
1025 445 1064 522 V,
1088 452 1123 523 2,
1150 457 1182 515 1:
1203 455 1288 514 Hae
1301 455 1397 528 Syre.

238 575 278 586 -
302 545 391 606 Ilicet
410 544 514 608 Puut.
537 543 705 625 Amph-I,
731 552 764 622 l,
791 548 863 608 182:
885 547 992 609 utet:
1013 547 1154 609 mundata
1174 553 1220 610 eri
1235 554 1398 626 perierunt

238 661 300 704 uus
320 653 353 704 et
373 645 469 704 Sosis.
506 640 582 708 cist
605 641 660 712 lv,
683 647 778 718 2,17.
815 641 907 722 Epio
929 641 1014 722 V‚2,
1032 647 1080 708 19.
1117 643 1245 709 Terent.
1261 645 1395 710 Phorm.

239 738 273 817 1,
296 745 333 818 4,
356 745 415 818 30,
437 739 478 804 ud
500 757 529 821 q.
552 740 572 804 l.
596 741 727 806 Donet:
751 740 905 820 „Semper
924 743 1005 803 ilioet
1024 738 1119 804 tinem
1141 743 1190 806 rei
1219 741 1397 824 signifieat,

238 841 291 901 ut:
314 839 424 900 Aeuom
445 844 495 902 est.
539 838 600 902 Per
622 832 781 916 ruyeom'p.
819 838 871 904 Sio
891 837 1013 903 iudioes
1035 839 1076 903 de
1098 840 1231 904 oonsilio
1249 841 1398 904 dimitte-

239 935 358 1000 bantur
378 936 538 1001 sententio
559 936 658 1010 dictu,
680 952 779 1015 quum
800 953 918 1016 proeoo
932 937 1172 1016 pronuntiasset
1192 941 1279 1016 meet,
1303 939 1398 1018 quod

238 1029 396 1114 signifieat
415 1037 462 1095 ire
483 1032 577 1098 lleet“
599 1068 643 1080 -
663 1037 783 1098 nolum
802 1033 907 1098 Plout
932 1033 1042 1113 Amph.
1064 1033 1091 1112 l,
1115 1039 1144 1113 l,
1167 1041 1237 1099 247.
1271 1037 1396 1102 Pseud

132 1163 136 1172 ι
239 1129 296 1210 lv,
319 1137 355 1211 7,
379 1135 433 1197 69:
457 1135 535 1208 Quin
555 1135 682 1206 muoso,
706 1134 737 1192 id
752 1141 950 1212 tutaminum,
964 1131 1004 1195 ed
1020 1147 1049 1210 q.
1065 1133 1084 1195 l.
1101 1132 1238 1198 heldat-z
1262 1139 1400 1203 ‚mlum

240 1228 443 1295 mterieetivu
464 1229 633 1310 porticulo,
653 1231 687 1294 in
700 1229 916 1309 indignatione
931 1229 1103 1295 sollemnis.
1120 1230 1177 1294 sed
1192 1235 1226 1296 et
1240 1232 1399 1297 damnum

239 1332 274 1390 ot
306 1329 481 1392 muciutum
508 1327 629 1392 notet“
680 1327 807 1392 Terent.
834 1327 915 1392 Eun.
951 1325 1006 1404 lv,
1035 1333 1072 1397 t,
1105 1333 1159 1391 10:
1190 1331 1397 1404 Quinotium

241 1423 368 1501 „slil“l‚
391 1425 431 1490 ud
454 1443 483 1504 q.
506 1423 525 1488 l.
549 1425 679 1490 Donet:
707 1443 786 1506 „per
807 1424 1013 1506 parenthesin
1035 1426 1177 1490 suaviter
1197 1425 1336 1492 infertor
1357 1433 1393 1491 et

240 1522 420 1588 interiectio
443 1523 523 1587 est.“
544 1555 589 1568 -
609 1525 637 1586 0
655 1523 782 1588 Terent.
805 1523 904 1588 Andr.
928 1520 993 1594 ΙΙΙ,
1016 1527 1053 1602 2,
1078 1527 1130 1587 12:
1157 1525 1183 1586 0
1204 1527 1304 1598 Deve,
1324 1530 1390 1587 iton
1496 1532 1504 1602 ζ,

240 1629 415 1684 contemnor
437 1624 490 1684 obs
511 1622 563 1683 tei
585 1621 624 1694 V,
647 1626 681 1702 3,
701 1627 737 1688 5:
765 1623 790 1684 0
816 1626 966 1699 ingentem
997 1623 1216 1685 confidentium.
1261 1623 1390 1687 Phorm.
1503 1651 1504 1672 1

242 1715 293 1798 11,
318 1724 353 1797 2,
378 1724 434 1783 1οε
456 1721 482 1782 0
502 1723 548 1780 vir
570 1719 657 1782 fortis
679 1731 769 1797 utque
792 1719 922 1782 emieu’s.
936 1753 980 1764 —
992 1721 1040 1782 01·
1062 1719 1166 1783 Plnut.
1190 1719 1285 1786 Most
1308 1721 1339 1798 Ι,
1363 1727 1390 1796 3,

241 1818 297 1878 86:
319 1817 376 1884 Ot,
398 1819 507 1892 probus
530 1819 617 1879 homo
639 1837 712 1892 sum,
735 1817 777 1882 ed
798 1833 829 1897 q.
851 1816 872 1880 l.
893 1817 1038 1882 Toubm.:
1061 1819 1124 1887 „ou
1144 1819 1304 1884 interieot.
1325 1820 1388 1884 lue·
1497 1834 1504 1874 ·.

241 1911 331 1976 uuae
353 1913 476 1978 index.“
499 1915 623 1978 -ou
651 1913 755 1980 rusus
782 1914 871 1980 usin.
902 1913 948 1993 11,
971 1919 1007 1994 o,
1030 1921 1066 1994 4,
1089 1933 1151 1978 vox
1183 1914 1390 1997 seminemus
1503 1895 1504 1930 ³

241 2009 320 2076 sotis
342 2027 422 2076 esse.
445 2010 517 2074 Aul.
539 2011 569 2088 l,
596 2018 628 2092 l,
655 2016 702 2076 16.
723 2046 767 2058 -
788 2014 853 2076 olet
872 2012 976 2077 Plout
991 2013 1056 2077 llil.
1074 2013 1110 2090 V,
1130 2020 1156 2092 1,
1174 2021 1208 2079 3:
1229 2017 1300 2082 Olet,
1315 2019 1389 2076 satis

241 2127 305 2170 mm
327 2110 510 2173 verberatus.
534 2107 572 2176 ef.
593 2110 697 2176 Bentl.
721 2113 760 2177 ud
784 2110 912 2175 Terent.
937 2111 1018 2174 Eun.
1041 2109 1096 2188 IV,
1120 2118 1155 2186 4,
1185 2117 1237 2176 48.
1260 2145 1300 2156 —
1320 2113 1387 2171 Pax

245 2204 347 2270 Plano
369 2205 435 2272 Mil.
458 2207 521 2288 111,
549 2216 581 2286 1,
605 2215 681 2274 213:
704 2212 784 2278 Pae,
807 2213 872 2288 soe,
895 2207 936 2273 oo
957 2226 987 2288 q.
1012 2209 1030 2272 l
1054 2207 1212 2288 Soanger:
1236 2211 1322 2286 „me
1341 2209 1386 2272 m-

246 2304 391 2369 terieotio
413 2307 648 2386 comprimentis
670 2312 704 2372 et
725 2307 817 2387 quasi
839 2325 911 2372 eum
932 2306 1125 2372 verecundia
1145 2307 1310 2371 silentium
1332 2307 1392 2371 sibi
1491 2384 1493 2393 Ι

246 2407 302 2466 out
323 2401 416 2467 elteri
436 2404 637 2485 imponentis.
682 2403 861 2486 Hesychius
890 2401 966 2484 πὰξ,
994 2402 1043 2465 ἐπὶ
1069 2403 1113 2484 τῷ
1135 2401 1172 2464 τὸ
1201 2404 1289 2476 τέλος
1312 2404 1394 2486 ἔχειν.

246 2497 321 2578 Pax,
343 2504 490 2564 Greoeum
512 2513 585 2582 est,
602 2507 719 2581 quondo
737 2505 889 2582 significet
910 2505 1126 2580 tontummodo,
1150 2504 1196 2566 uit
1217 2502 1316 2567 Priso
1339 2502 1394 2568 lib.

249 2602 297 2662 15.
341 2597 488 2680 Diphilus
509 2595 570 2675 πάξ
591 2623 619 2662 τι
640 2599 711 2674 πάξ.
757 2599 843 2665 Setis
872 2604 1014 2670 constat,
1043 2601 1110 2662 Por
1136 2605 1204 2664 tum
1235 2599 1393 2665 Graecum

248 2711 334 2772 esse,
359 2699 543 2762 tumetium
567 2697 685 2763 edentii
707 2716 794 2778 esse,
818 2715 882 2762 non
912 2696 1144 2775 admirationis,
1172 2698 1258 2778 quod
1285 2697 1393 2762 volunt

239 2794 383 2872 ¹quidem.
431 2797 520 2862 Dum
545 2797 628 2860 euim
659 2793 722 2862 sihi
745 2795 905 2861 silentium
931 2795 1148 2875 imponebant,
1178 2796 1328 2876 opposito
1353 2793 1389 2858 od

247 2907 284 2956 os
306 2891 420 2974 digito,
447 2899 597 2975 mnodum
627 2894 763 2959 ulterius
793 2909 969 2958 sermonem
997 2893 1173 2974 procudere
1195 2909 1333 2957 vereren
1346 2909 1389 2968 ur,

249 2993 308 3053 out
329 3009 417 3063 oum,
439 3009 521 3072 queo
542 2992 628 3060 motu
650 2998 755 3068 eruut,
778 2991 899 3057 indicte
919 2991 1052 3070 vellent,
1080 2998 1137 3055 out
1165 2991 1235 3056 oum
1266 3009 1307 3054 ex
1330 3007 1393 3054 ser-

249 3105 343 3154 mone
375 3095 560 3170 praesentes
593 3089 807 3166 dimitterent,
832 3095 901 3154 tum
932 3085 995 3160 πάξ
1023 3088 1201 3154 dicebaut.“
1254 3086 1392 3153 liudem.

248 3185 290 3252 ad
322 3186 352 3251 u.
385 3188 421 3253 l.:
460 3189 549 3260 „Poe
581 3189 750 3254 iutereotio
779 3188 942 3254 'silentium
975 3185 1121 3251 iubentis.
1167 3183 1213 3250 Oi.
1245 3185 1392 3250 Prisoiou.

249 3283 334 3363 XIV,
364 3289 394 3350 2.
427 3285 516 3352 Addo
541 3285 678 3368 Heeyoh.
712 3283 799 3360 Κὸφξ
826 3280 937 3365 ὁμοίως
972 3281 1046 3358 πάξ,
1068 3291 1141 3355 τοῖς
1176 3279 1392 3361 τετελεσμένοις,

250 3382 423 3448 seeundum
434 3383 596 3452 »Lobeclrii
618 3382 898 3450 emendationemf‘
943 3381 1040 3448 Stich.
1064 3379 1102 3461 V,
1127 3389 1162 3454 7,
1185 3383 1219 3453 3,
1248 3379 1303 3444 ubi
1324 3378 1393 3443 vido

251 3477 388 3546 Gronov.
411 3481 497 3548 Trin.
520 3481 577 3563 1v,
600 3487 637 3556 2,
661 3487 701 3549 97
724 3491 778 3557 (=
799 3499 827 3545 v.
850 3483 943 3558 edel:
965 3481 1042 3558 uuio
1065 3481 1119 3558 [ldl
1143 3489 1190 3542 est
1213 3481 1266 3541 tibi
1280 3495 1392 3554 nomeu,

251 3579 448 3644 tholomeus?
492 3580 552 3646 SU.
583 3583 663 3650 Poe,
696 3583 727 3642 id
754 3589 802 3644 ost
828 3597 934 3644 nomen
952 3583 1053 3640 mihi:
1080 3578 1149 3640 llo‘o
1177 3578 1391 3638 eondiuuumst

252 3674 318 3740 GH.
349 3681 465 3756 Edepol
494 3697 612 3743 nomeu
629 3682 829 3756 nugatorium:
858 3680 950 3753 quusi
972 3679 1069 3752 dicus,
1102 3677 1199 3752 siquid
1220 3665 1391 3737 dediderim

252 3776 324 3854 tibi,
341 3795 414 3853 poe
429 3781 555 3856 periisse
578 3781 662 3856 lituo,
690 3777 734 3841 od
751 3792 781 3856 q.
804 3775 826 3839 l.
847 3773 1003 3838 Lindem:
1030 3775 1120 3844 „Por
1145 3771 1333 3867 interiectio
1347 3771 1389 3833 est

252 3871 346 3940 mom
378 3876 568 3956 imponentis
590 3875 653 3940 ¹uel
688 3872 867 3940 silendum·
883 3871 1032 3937 iubentis.
1082 3868 1162 3964 Tum
1176 3869 1316 3940 indicet,
1335 3883 1391 3931 nou

253 3989 325 4038 esse
343 3973 496 4054 emplius,
518 3973 602 4053 quod
615 3973 666 4038 -de
688 3989 727 4036 eo
746 3989 808 4050 re,
827 3971 954 4050 dequo
979 3985 1087 4035 sermo
1101 3965 1172 4042 'est
1199 3967 1300 4043 dieue,
1329 3981 1391 4030 rem

253 4071 294 4136 ud
316 4068 409 4138 finem
431 4071 618 4153 productam
640 4087 721 4135 esse.
765 4069 817 4134 Sio
838 4069 923 4150 epud
946 4067 1081 4132 Terent:
1096 4065 1212 4130 lleout.
1234 4063 1278 4144 Il,
1294 4068 1323 4142 3,
1339 4067 1390 4128 50:

254 4169 388 4246 cupium
410 4189 516 4248 pessus
537 4171 653 4248 prolixo
676 4179 708 4230 et
728 4171 840 4232 oiroum
856 4169 1097 4244 ooputnsteetm
1112 4169 1312 4242 neglegenter,
1319 4177 1387 4236 pon.
