3036 4766
493 164 643 206 nocturna
656 163 892 208 Pnttmcamnum
1215 173 1278 235 319

120 351 219 418 Stich.
249 351 305 432 IV,
338 359 369 433 l,
400 357 458 418 49:
490 355 631 418 Vtaettou
657 373 783 431 nsquam
811 356 904 416 laissa
935 358 1017 417 illum
1046 357 1277 430 adulescentem,

118 471 149 516 v.
173 451 272 532 intpp.
297 450 425 516 Terent.
450 451 566 516 Heaut.
591 451 639 528 11,
664 457 700 531 3,
725 456 781 516 22;
805 455 862 514 Hic
886 456 922 514 do
944 457 1056 516 nastris
1072 455 1172 515 verbis
1195 461 1280 514 errat

117 551 260 612 videlicet.
305 546 369 627 ΙΙΙ,
395 554 430 627 2,
455 555 482 614 3.
528 548 663 630 Adelph.
686 549 751 627 ΙΙΙ,
773 555 809 629 4,
834 555 863 615 4.
885 583 929 596 -
951 554 1118 626 Tamquam
1140 550 1220 616 Ooto
1240 549 1277 614 R.

118 646 157 711 R.
180 665 205 712 c.
228 651 287 711 41:
310 649 493 724 interituque
516 649 554 714 ad
577 649 703 710 eundem
726 650 859 723 modum,
882 655 1024 724 tamquam
1040 655 1133 711 oleas.
1170 647 1204 714 C.
1222 653 1277 713 48:

118 748 219 810 Nuces
242 749 346 821 pineas
368 748 406 807 ud
429 747 554 807 eundem
578 748 711 821 modum,
739 748 798 807 nisi
821 752 961 822 tauquam
993 751 1082 809 alium
1112 751 1221 821 serito,
1245 747 1276 810 h.

119 861 147 906 e.
181 843 291 908 eodem
322 843 501 922 modoque
530 841 650 907 allium
695 842 824 923 Oratio,
854 845 881 908 si
908 861 943 909 se
970 843 1013 907 M.
1047 842 1174 909 Caelios
1201 844 1275 909 trib.

116 939 221 1022 plebis
236 938 446 1020 appellasset:
469 944 636 1019 Numquam
660 949 742 1003 tacet
764 960 851 1019 qoem
874 946 994 1005 morbus
1018 949 1101 1004 tenet
1123 945 1278 1022 loquendi,

118 1047 268 1117 tamquam
291 1047 480 1101 veternosum
504 1041 626 1101 bibendi
648 1048 737 1117 atque
761 1040 942 1115 dormiendi,
965 1038 1057 1118 adq.
1081 1038 1101 1103 l.
1125 1038 1279 1121 Meyerus

116 1154 149 1219 p.
178 1141 253 1202 132:
287 1153 369 1216 „non
399 1135 495 1200 aliter
517 1141 615 1216 atque
641 1141 847 1202 veternosum
875 1137 1005 1202 morbus
1033 1141 1122 1201 tenet
1148 1135 1278 1203 bibendi

116 1240 216 1315 atque
237 1232 444 1300 dormiendi.“
466 1234 571 1299 Plout.
595 1233 689 1300 Most.
721 1234 769 1315 II,
800 1240 832 1316 1,
864 1239 921 1300 55:
949 1238 1115 1310 Tamquam
1142 1240 1168 1310 st
1197 1238 1278 1299 intus

115 1341 206 1395 nat-us
228 1350 315 1394 nemo
337 1335 368 1394 in
392 1335 515 1396 aedibus
531 1335 655 1395 habitet.
695 1332 759 1411 III,
783 1339 816 1413 2,
843 1337 916 1398 122:
942 1336 1083 1409 Qualibet
1102 1336 1281 1410 perambula

117 1434 202 1493 aedis
230 1433 340 1508 oppido
371 1437 521 1506 tamquam
546 1441 622 1495 tuas.
672 1449 702 1496 a.
733 1436 808 1496 123:
840 1433 1027 1506 Tamquam?
1070 1430 1138 1496 Mil.
1168 1429 1224 1510 IV,
1250 1435 1278 1509 1,

9 1599 10 1604 ,
118 1533 176 1595 38:
207 1548 282 1606 quae
313 1535 342 1590 te
373 1533 525 1604 tamquam
555 1533 657 1591 oculos
682 1537 771 1592 amet.
816 1529 903 1594 Pers.
927 1529 973 1608 ΙΙ,
1000 1535 1036 1609 4,
1068 1533 1118 1594 28.Ι
1162 1527 1217 1607 IV,
1245 1533 1279 1607 4,

118 1631 169 1693 32.
213 1625 301 1691 Pers.
325 1643 354 1689 v.
378 1631 450 1692 638.
495 1627 622 1692 Terent.
646 1627 726 1691 Eun.
755 1625 805 1708 Il,
834 1631 869 1708 2,
899 1633 957 1693 32:
987 1631 1155 1703 Tamquam
1180 1629 1278 1704 philo·

117 1728 279 1802 sophorum
302 1728 414 1788 habent
436 1727 613 1802 disciplinae
637 1745 674 1787 ex
696 1729 771 1803 ipsis
801 1728 963 1789 Vocabola.
1010 1725 1145 1806 Adelph·
1169 1724 1230 1796 ΙΙΙ,
1248 1721 1285 1795 3.

117 1825 175 1887 61:
199 1825 369 1900 Inspicere,
393 1828 543 1898 tamquam
564 1827 594 1886 in
618 1827 786 1904 speculum,
809 1827 840 1886 in
856 1827 932 1886 vitas
949 1824 1087 1886 omnium.
1104 1857 1148 1870 -
1163 1826 1282 1899 Topper

117 1919 213 1986 Ennii
233 1918 271 1985 ir.
294 1920 354 1984 inc.
370 1920 442 1986 libr.
462 1927 515 1986 11:
534 1927 640 1997 taqua
663 1941 750 1999 quom
767 1940 853 1984 nemo
868 1915 974 1984 melius
992 1926 1058 1984 scit.
1091 1921 1224 2002 (Festus
1246 1939 1277 2001 p.

117 2021 180 2083 352
203 2017 262 2082 Ma
296 2017 446 2097 „Sinnius
468 2036 545 2083 vero
567 2020 627 2084 sic:
660 2025 766 2100 topper
792 2017 930 2084 fortasse
957 2019 1044 2087 valet
1074 2019 1107 2082 in
1134 2017 1218 2083 Enni
1245 2023 1279 2082 et

115 2114 215 2180 Pacui
237 2115 407 2197 scripsisti
452 2118 581 2182 Daren:
604 2115 669 2181 lul:
688 2117 808 2182 Caesar
831 2117 912 2182 Saul.
940 2116 993 2182 lib.
1020 2123 1037 2182 t
1068 2117 1107 2181 de
1131 2133 1165 2180 re
1192 2120 1278 2196 poet.

118 2229 187 2293 cap.
220 2218 251 2277 1:
283 2216 407 2290 Semper
433 2218 560 2291 primam
586 2217 726 2291 producit
751 2223 874 2277 notura:
903 2216 960 2276 init
992 2220 1070 2277 enim
1099 2218 1278 2293 semiapero,

118 2317 198 2374 siout
221 2320 307 2389 toper
330 2321 393 2375 toto
416 2331 525 2392 opere,
549 2331 645 2390 nuper
667 2331 743 2374 novo
767 2329 867 2390 apere.
913 2315 1067 2390 Significat
1087 2315 1165 2374 enim
1189 2319 1277 2387 toper

117 2414 180 2472 cito
203 2417 234 2471 et
257 2413 412 2488 expedite,
435 2415 479 2472 ito
501 2423 534 2473 ut
549 2430 643 2488 opera
663 2413 800 2474 absoluta
816 2414 863 2472 sit.
899 2410 1004 2475 Huius
1020 2409 1106 2475 vocis
1122 2411 1276 2488 [tanquam
1402 2405 1407 2415 “

118 2510 156 2569 ab
189 2510 302 2569 ultimis
336 2517 367 2570 et
403 2511 479 2571 iam'
498 2511 680 2572 oblitteratis
715 2512 899 2585 temporibus
932 2508 1094 2586 repetitae]
1132 2506 1277 2570 meminit

118 2603 270 2682 Quinctil.
293 2606 365 2671 inst.
390 2609 481 2670 orat·
495 2604 525 2685 I,
550 2610 584 2687 6,
611 2612 658 2672 11.
697 2605 790 2684 Quod
806 2606 922 2672 Graeci
944 2601 1036 2687 τάχα,
1052 2605 1159 2671 Latini
1175 2611 1281 2680 topper

117 2702 280 2768 dicebant:
303 2700 382 2786 τάχα
411 2704 495 2768 enim
518 2710 552 2768 et
567 2707 630 2766 otto
652 2709 686 2769 et
714 2706 843 2778 sortasse
872 2701 1040 2786 significat.
1086 2703 1211 2784 Guyeto
1241 2707 1278 2766 ut

118 2817 293 2876 auumapar
313 2819 418 2878 uuum.
439 2802 485 2868 sic
507 2819 526 2866 a
549 2807 687 2878 tuntum.
710 2808 813 2883 tumor,
837 2809 929 2879 tapar.
963 2799 1089 2866 BOTH.
1111 2833 1154 2845 -
1178 2805 1282 2877 Usque

115 2898 197 2962 nihil
219 2897 307 2962 aliud
329 2897 488 2980 significat
508 2916 604 2980 quam
626 2900 775 2966 continue
801 2904 859 2964 aut
884 2905 1130 2981 perseveranter
1156 2898 1276 2985 (Senot.

115 2995 252 3062 Minerv.
276 3013 307 3077 p.
335 2996 417 3078 lot).
468 2996 686 3063 Derlvondum
709 3004 760 3064 est
781 3016 852 3064 cum
874 2993 1050 3062 Schmidtio
1072 2999 1111 3062 de
1134 3013 1278 3079 pronum.

115 3113 149 3177 p.
169 3099 227 3160 101
244 3094 284 3160 ab
305 3113 350 3174 us,
374 3095 460 3184 quod
476 3093 635 3176 significat
656 3117 717 3176 qua
731 3101 865 3172 ration03
889 3115 982 3174 osque
1004 3096 1166 3178 igiturest
1188 3099 1279 3167 omni,

116 3211 193 3270 quae
216 3196 246 3254 in
270 3211 334 3254 rem
358 3196 488 3271 aliquam
508 3198 616 3257 cadere
638 3198 751 3273 possit,
772 3198 905 3274 ratione,
929 3197 993 3266 diu,
1015 3197 1156 3257 multam.
1180 3196 1278 3271 valdo,

116 3301 274 3369 perpetuo.
324 3291 404 3356 Inde
436 3288 486 3372 lit,
521 3296 557 3356 ut
584 3291 719 3358 actionis
748 3291 1019 3358 continuationem
1053 3295 1150 3372 atque
1181 3291 1278 3358 etiam

116 3388 180 3454 loci
202 3390 398 3469 temporisve
419 3387 515 3455 finem
537 3395 629 3456 notet
651 3397 683 3457 et
712 3391 759 3456 itu
779 3389 1026 3473 praepositionis
1055 3393 1202 3455 naturam
1230 3388 1281 3454 in-

117 3486 197 3552 duat
230 3484 398 3567 (Schmidt.
431 3488 452 3553 l.
485 3486 532 3568 l).
577 3486 789 3570 coniungitur
819 3505 891 3555 cum
920 3504 1028 3570 praep.
1057 3491 1111 3567 aa,
1145 3492 1197 3568 ab,
1232 3505 1278 3565 eu,

115 3585 232 3650 deinde
256 3601 329 3650 cum
352 3585 513 3651 adverbiis
535 3585 690 3666 temporis
712 3594 747 3652 et
768 3587 830 3654 loci
858 3589 944 3657 adea,
975 3588 1146 3657 ammodum,
1172 3587 1281 3656 mbae,

117 3685 261 3753 uambae,
286 3685 381 3746 stum.
432 3682 605 3748 Adduntur
633 3685 871 3750 coniunctiones
904 3684 1073 3765 temporis,
1103 3683 1187 3748 unde
1217 3681 1281 3748 bae

115 3771 274 3846 formulae
304 3780 474 3848 exsistunt:
505 3799 600 3856 usqua
628 3783 711 3853 dum,
739 3801 832 3858 usqua
857 3783 959 3852 taam.
990 3799 1082 3857 usque
1112 3783 1185 3844 adea
1212 3799 1280 3856 quo.

115 3897 210 3955 usqua
231 3880 305 3942 adeo
327 3880 415 3958 aum,
436 3895 530 3953 usqua
551 3881 624 3942 adm
645 3881 743 3952 damac,
764 3899 855 3957 usqua
876 3881 1035 3942 mutuum
1056 3881 1135 3944 tum.
1172 3876 1278 3942 Plaut.

115 3975 213 4042 Most.
235 3976 273 4057 V,
299 3981 335 4056 1,
360 3979 415 4041 12:
436 3979 570 4067 Purgant
590 3983 713 4042 turbare
734 3997 836 4055 usqua.
882 3977 980 4044 Mero.
1003 3976 1043 4057 V,
1066 3983 1101 4057 4,
1126 3981 1193 4040 l'tz‘
1207 3978 1280 4050 Qui·

115 4078 172 4138 bus
196 4081 244 4137 ast
266 4076 357 4138 dictu
379 4077 495 4153 dignus,
516 4093 609 4150 usqua
630 4094 788 4141 oneremus
809 4081 905 4142 ambo.
943 4076 1070 4141 Terent.
1093 4071 1170 4138 ileo.
1194 4071 1224 4142 1.
1248 4075 1281 4147 2,

115 4177 176 4238 502
209 4174 307 4248 antu
336 4175 410 4236 illud
432 4176 558 4238 visumst
584 4175 740 4252 Pamphilo
767 4193 805 4237 ne
832 4178 965 4254 utiquam
993 4189 1093 4249 grave.
1141 4167 1280 4250 Adcllrp.
