3036 4766
253 130 314 194 358
466 161 475 170 .
544 123 606 162 car.
622 123 665 163 xv.
693 122 840 164 uocravaa
867 122 1115 165 nnencrarvonen.

1492 260 1496 317 l

252 318 355 374 minas.
399 310 454 386 IV,
478 316 513 388 2,
539 316 595 376 2οε
624 315 702 392 Quia
725 316 804 376 caim
833 317 900 390 plue
929 315 1006 378 dedi.
1053 313 1180 378 Terent.
1211 309 1344 376 Phorm.
1373 308 1417 388 Π,
1482 330 1496 404 12¹

253 413 288 487 a,
315 414 362 474 ra.
406 409 483 474 nec.
507 410 571 489 111,
598 417 631 490 1,
654 416 704 476 31.

337 507 367 572 b.
412 509 461 572 De
490 511 568 570 caim
597 508 630 572 in
658 508 909 590 interrogatione
939 509 1044 590 posito
1068 507 1141 574 vide
1163 506 1270 574 Haud.
1293 525 1324 588 p.
1352 511 1416 572 383
1485 548 1490 575 r

250 621 298 686 eq.
343 603 447 670 Plaut.
472 604 584 686 Amph.
608 605 658 687 H,
683 611 719 685 2,
744 612 799 672 62;
824 610 902 684 Quid
921 612 1001 670 *cano
1016 607 1153 673 'censeat

337 721 362 766 c.
408 705 502 766 Enim
524 701 623 770 habet
643 704 707 770 vim
728 705 983 770 asseverationis·
1030 704 1082 772 Sic
1112 704 1214 770 Plaut
1239 704 1328 769 Trin.
1353 704 1412 786 III,

250 804 289 880 2,
313 804 369 866 82;
393 803 463 862 Non·
481 805 558 864 cotra
580 822 700 879 possum
723 808 794 883 quia
818 809 990 872 exclamem.
1028 804 1159 870 Terent.
1182 802 1281 868 Andr.
1298 801 1360 881 ΠΙ,
1384 809 1411 884 2,

253 902 311 964 23;
334 901 424 964 Certe
447 903 525 962 caim
549 904 619 964 scio.
882 905 884 910 ⁴

336 997 365 1062 d.
410 995 615 1066 Asseveratio
639 998 807 1064 coniuncta
830 1018 901 1066 esse
923 1003 1032 1080 potest
1056 1019 1128 1066 cum
1144 1000 1283 1080 quadam
1306 998 1409 1064 ironia

248 1099 307 1159 ant
328 1113 399 1159 curn
421 1094 571 1160 irrisione
594 1100 651 1160 ant
674 1114 743 1162 curn
767 1097 993 1178 indignatione.
1018 1096 1135 1178 (Hand.
1152 1117 1181 1178 p.
1198 1103 1283 1170 391.)
1307 1097 1409 1162 Plaut.

252 1190 343 1273 tht.
367 1191 433 1271 ΙΙΙ,
456 1201 490 1272 d,
523 1195 574 1257 36:
605 1196 649 1256 Tu
679 1199 757 1258 caim
786 1194 949 1273 repertu'e,
972 1199 1176 1260 Philocratem
1203 1199 1253 1274 qni
1285 1216 1409 1274 superes

250 1293 428 1360 veriverbio,
461 1291 501 1354 ad
535 1307 563 1370 q.
599 1291 618 1353 l.
653 1291 811 1358 Lindemz
851 1293 931 1374 „Vis
963 1293 1085 1359 ironiae
1121 1293 1301 1376 particulae
1335 1297 1409 1356 caim

250 1389 395 1469 proxime
417 1388 543 1454 accedit
565 1389 606 1454 ad
629 1389 798 1456 cavillandi
827 1391 1006 1472 notionem,
1037 1411 1119 1472 qnae
1147 1400 1197 1458 est
1222 1392 1255 1458 iu
1278 1393 1409 1457 vocibus

248 1490 406 1566 nimirem,
428 1506 544 1561 nempe,
566 1490 689 1558 scilicet,
718 1487 842 1566 quibus-
862 1491 1059 1556 contrarium
1088 1492 1133 1571 ei,
1164 1492 1250 1570 qnod
1280 1491 1410 1561 dicitur,

252 1582 458 1664 significatur.
493 1583 592 1651 Recte
616 1584 736 1652 scilicet
752 1585 845 1665 dicis;
874 1594 911 1652 tu
933 1587 1032 1666 enim,
1052 1606 1071 1652 o
1091 1589 1240 1665 ridicule,
1261 1594 1410 1668 repertus

252 1699 299 1758 es,
323 1683 376 1760 qui
400 1681 614 1746 Philocratem
636 1683 811 1750 veracitate
838 1685 956 1756 vincas.
1007 1685 1076 1752 Hoc
1102 1690 1169 1761 est,
1198 1704 1291 1756 nemo
1319 1683 1410 1750 facile

251 1797 302 1844 me
325 1786 457 1860 superat
478 1780 671 1859 veracitate,
693 1781 795 1846 multo
825 1788 934 1848 autem
965 1789 1000 1850 tn
1028 1782 1162 1849 minus.“
1208 1783 1297 1847 Trin.
1328 1783 1354 1863 Ι,
1383 1789 1408 1862 2,

252 1883 309 1944 23;
333 1881 444 1954 Nempe
466 1882 543 1940 cete
566 1888 611 1954 tu,
635 1880 742 1957 credo,
766 1899 812 1942 me
835 1885 1047 1958 inprudentem
1070 1885 1252 1959 obrepseris.

337 1995 364 2042 e.
410 1973 684 2042 asseverationem
707 1977 866 2055 particula
892 1979 982 2045 addit
1007 1979 1198 2060 imperativo
1227 1983 1262 2044 et
1288 1979 1407 2051 futuro,

251 2078 336 2159 quod
358 2093 416 2156 pro
449 2073 637 2154 imperativo
667 2075 803 2156 ponitur.
858 2077 962 2144 Plant.
999 2079 1094 2144 Most.
1124 2077 1162 2157 V,
1191 2083 1225 2157 2,
1256 2083 1310 2142 12:
1345 2083 1409 2141 Non

251 2180 328 2240 erere
349 2177 418 2238 ibis:
454 2193 508 2253 ego
538 2174 637 2238 ferare
666 2174 750 2254 faxo,
780 2184 813 2238 ut
843 2181 994 2257 mernisti,
1023 2183 1053 2239 in
1077 2195 1205 2240 crucem.
1251 2177 1343 2241 Pers.
1367 2176 1407 2255 Π,

253 2281 282 2355 2,
300 2281 349 2338 54.
395 2271 508 2338 Caecil.
526 2271 606 2338 Stat.
628 2270 688 2337 inc.
704 2270 766 2338 fab.
782 2273 894 2356 fragm.
911 2281 947 2340 4:
971 2276 1192 2349 auferentem
1209 2278 1288 2336 caim
1304 2294 1407 2352 supar-

252 2377 339 2436 biam.

336 2469 357 2536 f.
403 2473 497 2534 mrim
518 2468 602 2534 idem
626 2475 676 2533 est
698 2467 781 2548 quod
802 2471 956 2538 calocero.
981 2471 1136 2547 (v.Hand.
1152 2491 1182 2552 p.
1197 2469 1287 2551 392.)
1306 2470 1408 2535 Plaut.
1496 2489 1497 2518 Ι

253 2568 324 2634 Cas.
348 2567 416 2648 ΙΙΙ,
443 2573 478 2646 l,
503 2574 555 2632 ll:
586 2588 663 2630 nunc
692 2569 769 2628 ector
797 2575 826 2628 te
860 2571 975 2632 demum
992 2575 1118 2634 'nullum
1146 2573 1253 2632 scitum
1283 2574 1407 2633 scitiust.

251 2664 448 2734 Menaechm.
473 2664 520 2744 ΙΙ,
546 2670 577 2744 l,
601 2669 657 2730 26:
681 2669 770 2746 Hem,
795 2669 877 2734 llloc,
894 2670 971 2728 ceca
993 2671 1084 2732 verbo
1106 2671 1166 2731 iam
1189 2681 1255 2731 esse
1277 2687 1324 2730 me
1348 2687 1407 2730 ser-

251 2785 318 2829 vom
352 2767 423 2827 ecio.
469 2763 596 2828 Terent.
630 2761 757 2828 Phorm.
782 2761 814 2841 Ι,
838 2767 872 2842 2,
897 2768 952 2829 63:
988 2769 1142 2842 obsecrat,
1178 2769 1218 2830 Ut
1253 2770 1311 2829 sibi
1347 2770 1408 2828 eins
1496 2813 1497 2864 ἦ

251 2863 345 2928 faciat
369 2859 495 2939 copiam.
520 2865 671 2924 illocalia
695 2881 726 2924 sc
749 2871 848 2938 negat.

320 2979 367 3042 g.
413 2958 450 3025 Iu
478 2959 703 3039 responsione,
732 2958 799 3024 sive
826 2959 1034 3042 interrogatio
1062 2961 1225 3026 antecedit
1250 2961 1320 3028 sive
1350 2959 1411 3026 alia
1496 2943 1497 2958 ¹

252 3060 299 3128 rei
327 3057 496 3140 expositio
511 3057 643 3122 alterius
677 3075 843 3124 assensum
871 3059 1002 3138 excitm,
1032 3063 1110 3122 caim
1137 3059 1177 3124 ab
1206 3076 1244 3122 eo
1272 3059 1410 3139 ponitur,

253 3159 415 3240 quirem,
439 3157 479 3222 dc
502 3174 566 3235 qua
588 3156 711 3237 egitur,
735 3162 886 3224 accurate
909 3154 1019 3222 definit
1042 3163 1099 3222 aut
1121 3159 1175 3236 qui
1203 3157 1321 3222 dictam
1345 3175 1411 3221 rem

253 3255 391 3348 affirmat
424 3263 481 3321 aut
514 3271 584 3318 cum
615 3253 750 3333 quadam
779 3255 981 3321 conclusione
1014 3258 1055 3321 ad
1089 3257 1247 3320 rationem
1278 3254 1410 3320 reducit.

254 3355 365 3422 Oratio
396 3371 491 3434 saepe
520 3354 567 3416 ita
596 3353 717 3432 pergit,
748 3353 840 3432 quasi
864 3371 918 3432 ea,
949 3371 1031 3433 quae
1053 3354 1124 3434 quis
1153 3359 1248 3418 antea
1278 3355 1410 3432 dixerat,

253 3453 293 3518 ab
310 3471 356 3531 co,
372 3451 427 3532 qui
443 3451 625 3530 respondet,
642 3451 727 3516 dicta
743 3458 858 3518 essent.
893 3451 955 3525 (Sic
977 3451 1120 3517 Haudius
1137 3471 1173 3532 p..
1186 3455 1272 3520 394.)
1310 3453 1409 3518 Plant.

255 3551 325 3638 (lea
348 3550 397 3624 ΙΙ,
423 3555 461 3630 5,
488 3555 540 3614 15:
563 3553 677 3624 Negavi
700 3553 778 3610 caira
801 3553 928 3626 ipsine
952 3551 1170 3614 concessurum,
1186 3554 1260 3614 Iovi.
1300 3555 1329 3626 6,
1356 3554 1407 3616 14;

253 3653 327 3716 mihi
348 3651 448 3712 caim?
492 3645 606 3714 Bacch.
630 3645 686 3726 IV,
710 3653 745 3728 4,
769 3654 824 3712 51:
848 3650 942 3710 Enim
966 3651 1007 3710 nil
1030 3652 1087 3709 nisi
1111 3657 1144 3710 ut
1166 3652 1272 3722 arcetis
1297 3654 1409 3726 inperc.

252 3745 348 3814 Most.
371 3746 430 3826 ΙΙΙ,
457 3753 484 3828 1,
510 3751 567 3812 24:
592 3749 669 3822 Quid
693 3755 756 3808 tuta
780 3748 899 3810 mcum?
944 3745 1008 3809 ΤΒ.
1037 3751 1120 3810 Nihil
1144 3753 1230 3810 calm.
1276 3747 1343 3812 Mil.
1372 3746 1410 3824 Π,

255 3852 288 3928 5,
314 3851 369 3911 19:
394 3850 488 3908 Enim
510 3866 546 3906 ne
578 3844 658 3922 [nos]
683 3855 799 3907 nosmet
827 3847 1045 3921 perdiderimus
1075 3851 1199 3922 uspiam.
1252 3846 1343 3934 Pers.
1370 3842 1409 3918 ΙΙ,

254 3950 290 4026 2,
313 3949 372 4010 46:
394 3949 476 4006 Male
500 3963 622 4019 operam
644 3948 738 4006 locas.
784 3941 843 4008 SO.
877 3943 955 4018 Qui?
999 3942 1092 4008 PAF.
1123 3948 1200 4020 Quia
1230 3947 1309 4008 caim
1340 3945 1409 4004 nihil

254 4064 352 4123 ames,
377 4063 465 4120 quom
493 4046 762 4118 ingratum-amas.
808 4038 935 4106 Terent.
966 4028 1063 4107 Andr.
1095 4041 1141 4122 11,
1172 4049 1207 4123 2,
1241 4048 1295 4108 23:
1324 4045 1408 4104 Certe

253 4149 332 4208 caim
355 4147 425 4206 scio.
470 4141 548 4206 Hec.
573 4137 611 4218 V,
634 4144 671 4217 4,
699 4143 751 4203 1οε
781 4142 831 4202 Nil
855 4142 949 4214 maa,
984 4139 1024 4203 ad
1058 4158 1086 4219 q.
1121 4140 1140 4204 l.
1172 4141 1409 4208 Schmiedcrns:
