3076 4762
468 105 505 144 DE
521 106 618 145 rioms.
632 125 657 134 -
670 105 864 147 lnorcnrlvns
879 126 904 135 -
918 105 988 147 nuit.
1252 117 1312 178 129

150 301 215 362 reri
239 300 336 360 decet.
361 296 454 360 Truc.
478 295 558 376 prol.
590 314 617 357 v.
651 299 702 357 ll:
730 297 888 372 Tantisper
912 297 981 356 dum
1012 295 1205 370 tromstptmms
1233 298 1308 356 huuc

152 398 344 459 comoediam.
368 395 431 474 (Ap
454 393 579 465 comod.)
603 390 626 466 Ι,
649 395 678 460 2,
703 395 756 455 63;
780 389 833 466 Τ9,
857 394 928 453 dum
943 395 1071 467 vivebas,
1095 412 1243 456 noverum.
1269 391 1308 469 ΙΙ,

153 498 182 571 l,
206 498 239 556 7:
261 495 345 554 Dum
366 492 435 569 fuit,
461 492 550 551 dedit.
574 492 602 558 3,
631 495 662 552 l:
685 492 733 565 qni
765 510 867 567 usque,
895 491 966 551 dmm
994 491 1110 565 vivont,
1138 494 1249 552 lerant.
1277 497 1308 571 4,

150 595 209 658 '39:
231 591 302 652 dum
323 593 372 650 hic
395 589 465 662 fult.
490 592 518 664 7,
543 592 597 651 69:
622 595 723 647 ventre
747 587 817 648 dnm
840 593 921 650 salvo
946 590 1018 649 ticet.
1045 587 1198 667 1V,e‚3:
1221 592 1307 650 Nunc

149 689 221 748 dum
244 689 294 749 isti
317 689 403 756 lubet,
426 687 496 748 dum
519 687 613 754 babet,
636 694 752 760 tempus
776 688 803 748 ci
827 689 871 747 rei
895 689 1039 748 sccundes
1064 685 1178 766 (Anpg
1202 706 1307 749 sccun-

148 787 225 858 dus).
249 783 305 863 IV,
328 792 359 864 4,
383 790 437 848 34:
460 784 532 843 dum
554 785 593 856 id,
617 784 695 858 quod
712 785 808 857 cupio,
832 785 899 846 inde
924 784 1038 858 aufero.
1063 781 1190 849 Terent.
1208 784 1306 850 Andr.

151 881 177 956 Ι,
202 888 229 962 l,
253 886 309 946 27:
332 903 397 942 nam
422 894 511 944 anteo
535 883 592 955 Qui
615 883 691 941 scire
715 900 820 956 posses
844 893 895 944 eut
910 884 1057 959 ingenium
1075 902 1208 962 noscere,
1224 885 1307 944 Dum

149 987 248 1050 aetas,
271 989 376 1054 metus,
401 980 541 1056 magister
558 978 771 1054 prohibebant,
793 1003 836 1032 =
858 996 952 1059 quam
979 979 1042 1042 diu,
1078 983 1106 1061 2²
1139 985 1196 1048 173
1224 982 1307 1042 Dum

148 1086 267 1155 tempus
289 1080 326 1139 ud
350 1096 415 1138 eam
437 1096 499 1137 nem
523 1078 598 1154 tulit,
623 1078 679 1138 sini
702 1079 830 1137 animum
854 1083 886 1137 nt
907 1081 1044 1154 expleret
1068 1098 1158 1140 suom.
1191 1083 1219 1158 5,
1252 1083 1306 1147 31:

148 1175 233 1236 Dum
255 1178 284 1236 in
308 1178 425 1238 dubiost
448 1176 579 1252 unimus,
613 1175 702 1249 poulo
724 1183 873 1236 momento
896 1177 953 1235 huc
977 1180 1023 1239 vel
1046 1177 1117 1238 illuc
1142 1179 1306 1252 inpellitur.

148 1271 191 1346 II,
217 1276 246 1352 6,
273 1276 327 1336 12:
351 1275 434 1333 Dum
457 1275 599 1333 licitumst
620 1273 647 1332 ei
668 1271 795 1348 dumque
819 1281 902 1335 uetes
924 1274 1027 1348 tetulit,
1051 1277 1176 1336 Amavit.
1193 1272 1251 1352 ΙΙΙ,
1276 1278 1306 1353 3,

149 1373 190 1433 24
207 1387 269 1449 sq.:
293 1370 363 1432 dmm
386 1379 500 1447 tempus
524 1370 627 1443 datur,
656 1369 796 1446 Dumque
821 1375 883 1432 eins
907 1372 1008 1432 lubido
1031 1373 1181 1433 occlusost
1202 1379 1304 1434 contu·

146 1470 254 1541 meliis,
281 1500 316 1509 -
342 1469 471 1530 Uxorem
496 1468 606 1530 domus.
630 1474 665 1544 t,
690 1469 743 1528 18:
772 1469 861 1529 Potes
884 1488 978 1542 nnnc,
1002 1469 1072 1532 dem
1095 1471 1208 1531 unimus
1230 1473 1302 1532 inri-

146 1573 227 1627 totus
250 1570 298 1626 est.
324 1563 405 1628 Eun.
430 1563 454 1642 Ι,
481 1570 508 1644 l,
535 1568 588 1627 ll:
612 1565 700 1624 Proin
725 1572 766 1636 tu,
789 1565 860 1625 duim
882 1572 925 1626 est
945 1572 1078 1642 tempus,
1103 1569 1191 1628 etiam
1216 1575 1304 1645 atque

146 1665 237 1724 etism
260 1665 367 1738 cogito.
413 1659 489 1726 Hec.
515 1661 570 1740 IV,
601 1665 639 1740 2,
663 1664 714 1726 18:
744 1662 827 1723 Dum
858 1666 965 1725 aetatis
988 1671 1105 1741 tempus
1128 1665 1211 1740 tulit,
1235 1685 1303 1741 pcr-

145 1759 250 1821 iuncto
277 1763 351 1822 setis
383 1779 455 1822 snm.
500 1758 539 1834 V,
564 1763 600 1838 3,
624 1759 682 1822 39:
714 1760 872 1836 rigodem
901 1765 953 1824 illo
983 1765 1126 1823 licitumst
1155 1782 1208 1824 nso
1231 1782 1303 1824 sum.

145 1855 205 1919 Ad.
235 1854 266 1936 1,
300 1859 334 1934 2,
359 1860 408 1921 28.
438 1875 468 1920 v.
499 1863 554 1921 45:
590 1859 670 1920 Dum
707 1858 737 1918 id
772 1863 912 1920 rescitum
948 1863 985 1920 iri
1018 1859 1126 1934 credit,
1161 1861 1304 1934 tantisper

143 1961 243 2031 pavet
724 1946 730 1958 ⁸

232 2069 257 2116 c.
302 2050 445 2115 Tertium
468 2049 708 2132 significationis
731 2071 834 2132 genus
858 2051 992 2135 exsistit,
1016 2072 1112 2133 quum
1136 2054 1301 2130 terminus,

142 2148 183 2212 od
207 2166 303 2228 quem
325 2147 445 2227 aliquid
471 2149 604 2228 produci
627 2149 759 2223 dicitur,
781 2148 876 2214 finem
899 2152 931 2214 in
947 2168 982 2215 se
1004 2149 1102 2217 habet
1124 2154 1181 2214 ant
1203 2151 1234 2214 id
1253 2151 1301 2214 in-

142 2246 238 2324 dicat,
261 2265 324 2327 quo
347 2247 417 2326 quis
440 2248 479 2311 de
500 2247 630 2313 consilio
653 2247 766 2312 tendit.
797 2247 878 2312 Tum
894 2247 1086 2330 intelligitur
1107 2267 1198 2324 usqne
1219 2251 1300 2323 dum,

141 2343 170 2419 to
199 2346 295 2420 lungo,
329 2345 372 2405 tto
401 2345 461 2416 nui.
513 2344 564 2410 Sic
592 2345 721 2426 proprie
755 2342 883 2425 ponitur
916 2348 986 2408 dum
1015 2351 1088 2423 post
1118 2345 1217 2408 verbu
1246 2363 1299 2408 ex·

140 2440 305 2522 poetandi,
333 2443 497 2522 monendi,
525 2443 692 2508 retinendi.
737 2443 773 2508 ln
798 2441 953 2506 eiusmodi
975 2441 1135 2506 sententio
1164 2441 1204 2505 ob
1227 2438 1298 2505 finis

141 2545 174 2605 et
202 2537 324 2605 consilii
357 2541 514 2606 rationem
544 2539 731 2606 coniunctivi
757 2539 846 2605 locus
876 2545 939 2606 est:
975 2538 1031 2605 sed
1062 2537 1166 2603 Latini
1200 2555 1296 2618 coepe

140 2636 236 2700 etiam
260 2637 463 2704 indicativum
486 2645 673 2720 posuerunt,
696 2637 848 2718 temporis
871 2638 998 2704 modum
1026 2636 1117 2704 unice
1140 2638 1297 2700 tenentes.

139 2731 182 2796 Et
206 2751 245 2797 ne
262 2739 331 2798 tum
346 2735 483 2815 quidem,
506 2755 603 2817 quum
619 2753 732 2802 nornen
748 2737 900 2815 temporis
916 2734 1147 2816 praemittitur,
1172 2751 1298 2813 semper

139 2832 269 2910 ponitur
291 2833 510 2898 coniunctivus
534 2832 693 2914 (Hannius
722 2852 753 2913 p.
779 2829 863 2912 319).
909 2833 1011 2912 Saepe
1042 2831 1137 2896 etiarn
1165 2830 1295 2895 additur·

138 2946 239 3002 usone.
264 2928 343 2994 Cute
366 2931 403 2996 R.
428 2931 462 2996 R.
488 2952 512 2998 c.
537 2937 589 2998 56:
620 2950 711 3006 usone
740 2931 813 2991 odeo
842 2931 912 2992 dum
941 2933 1013 2994 ficus
1042 2948 1108 2992 csse
1139 2932 1294 3004 coeperint.

140 3023 173 3090 O.
192 3031 250 3090 90:
275 3033 342 3092 oleo
365 3035 478 3108 tangito
502 3031 687 3107 depsitoque,
710 3032 781 3091 dum
792 3031 902 3106 poteris
917 3029 1018 3090 facere
1035 3027 1186 3088 turundcs.
1214 3025 1297 3090 Pon-

139 3123 250 3188 tedera
279 3127 411 3208 corrigit
438 3131 554 3206 depsito
586 3147 677 3206 usque
701 3129 787 3205 dum,
811 3145 848 3190 ex
872 3142 960 3188 more
984 3121 1123 3187 Catonis.
1146 3121 1190 3190 C.
1217 3127 1294 3187 110:

137 3224 259 3298 saepius
290 3224 395 3300 tacito,
430 3245 522 3303 usque
549 3228 619 3289 dum
654 3227 775 3288 odorem
808 3227 915 3286 malum
942 3223 1108 3296 dempseris.
1159 3218 1192 3284 Ο.
1219 3225 1293 3285 112:

138 3322 224 3380 acina
248 3353 287 3363 -
311 3323 465 3400 decerpite
488 3357 530 3368 -
552 3343 643 3399 usqne
670 3325 741 3385 dom
769 3321 943 3398 impleveris.
989 3317 1092 3385 Plout.
1123 3317 1236 3397 Arnph.
1268 3317 1293 3395 1,

138 3419 166 3494 2,
195 3421 247 3481 10:
272 3422 392 3480 Erroris
415 3425 500 3484 ambo
527 3455 560 3466 -
588 3424 740 3498 Conplebo
756 3453 797 3464 -
813 3419 896 3478 Adeo
917 3435 1010 3492 usqne
1032 3419 1201 3486 sotietatem
1224 3418 1294 3477 dum

136 3514 231 3588 capiet
251 3524 339 3590 poter
362 3520 447 3580 Illius
471 3539 557 3597 qnam
580 3531 669 3593 emat,
693 3515 734 3582 ud
757 3536 786 3597 q.
809 3514 830 3579 l.
856 3513 1015 3578 Lindenx.:
1047 3514 1122 3593 „qui
1151 3513 1197 3578 sic'
1219 3512 1295 3576 dicit

137 3627 200 3672 nnn
224 3611 351 3676 dubitat
373 3621 555 3696 capturum,
586 3621 653 3678 dnm
684 3620 784 3693 capiet
815 3630 892 3677 vero
924 3617 978 3677 ant
1002 3610 1142 3692 optantis
1166 3615 1215 3672 cst
1238 3613 1295 3673 aut

135 3705 321 3773 dubitantis.
366 3713 444 3774 Dum
468 3715 639 3791 impetrant,
664 3709 713 3776 bid
738 3709 774 3792 ste
799 3709 963 3792 ttionemn
989 3712 1055 3769 dnm
1079 3707 1292 3784 impetrabunt,

137 3800 185 3864 bid
210 3801 247 3884 iit
271 3805 415 3891 erlungus
439 3810 574 3890 mertem
605 3819 672 3874 dum
696 3816 872 3888 impetrent,
901 3801 950 3867 bii
974 3805 1011 3883 sm
1036 3807 1115 3866 etrnu
1139 3801 1291 3882 erreidprn.

135 3905 192 3964 ant
222 3917 311 3965 menn
340 3903 377 3985 ste
411 3925 471 3972 unt
499 3908 654 3990 crucietur,
688 3917 745 3973 unt
778 3903 909 3982 momen
943 3901 979 3983 in
1014 3899 1083 3982 cod)
1118 3897 1292 3978 crreidpeuf‘

136 3997 221 4062 Asin.
245 3998 288 4079 ΙΙ,
307 4007 334 4078 2,
359 4007 414 4067 62:
428 4027 575 4071 mansero
598 4011 661 4070 Tuo
685 4009 840 4078 arbitratu,
865 4007 910 4063 vel
927 4001 999 4062 adeo
1013 4017 1105 4072 uscos
1119 3999 1291 4070 deceperis.

135 4094 224 4176 Cupi.
254 4118 282 4162 v.
308 4105 385 4164 233:
419 4107 503 4178 Quod
527 4109 644 4180 volunt,
675 4105 746 4164 dnm
767 4105 928 4176 impetrant
947 4101 1019 4170 Sibi,
1042 4098 1112 4156 boni
1136 4101 1216 4166 sunt,
1241 4089 1291 4154 bid

185 4197 269 4246 nocete,
284 4200 395 4248 smmis.
422 4203 452 4243 n.
1062 4203 1079 4261 9
