3076 4762
228 160 287 220 134
665 152 792 192 VERBUM.
819 153 883 193 (ldl’.
898 151 947 192 ΧΠ.

216 345 320 418 lupuit
363 341 418 417 IV,
444 347 551 420 1,47:
575 345 640 404 Nisi
664 347 689 404 si
710 345 740 402 id
764 349 866 418 putas,
890 345 960 418 quia
981 317 1077 418 primu
1095 341 1241 415 metuat
1258 358 1378 416 purum,

216 442 283 500 Neu
301 457 388 512 pesae
410 442 469 500 iam
493 441 679 503 adsalutem
703 443 839 502 converti
862 442 918 502 hoc
942 443 1059 500 malum.
1108 439 1189 502 Eun.
1213 437 1238 515 Ι,
1262 442 1292 515 2,
1316 442 1375 502 35:

218 527 373 598 Mereatur
395 539 453 599 hoc
476 539 617 613 addebat,
647 557 663 598 e
686 539 902 614 praedonibus,
933 538 1019 600 Unde
1042 542 1171 610 eruerat,
1200 555 1233 598 se
1257 537 1378 598 adare

219 634 374 709 abreptum
402 655 419 695 e
447 637 545 698 Sunio.
592 634 639 714 11,
664 639 699 714 2,
725 639 779 698 32:
815 642 965 712 amquam
994 635 1241 711 philosopherum
1272 635 1381 694 lrabeat

220 731 396 806 discipliuae
422 750 459 792 ex
482 736 555 808 ipsis
572 736 737 808 voeabula,
760 736 889 809 parasiti
910 736 953 794 itu
976 741 1009 794 nt
1021 734 1203 793 Gnathonici
1226 738 1379 792 vocentur.

215 824 281 904 HI,
305 833 334 906 3,
360 832 413 892 16:
441 832 511 906 quid
532 833 690 901 habuisset,
714 851 801 908 quom
821 833 908 906 perit.
951 829 1079 894 Phorm.
1100 827 1145 907 ΙΙ,
1168 834 1198 906 4,
1225 834 1277 893 ll:
1301 828 1380 904 qnod

220 934 250 986 te
280 929 403 988 absente
438 931 487 990 nie
520 929 597 990 filius
626 931 716 1007 Epit,
749 931 866 992 restitui
898 932 928 989 in
965 931 1130 1003 integrum,
1164 933 1319 1004 aequomst
1348 931 1381 988 et

221 1025 338 1087 bouum.
386 1062 390 1068 ·

306 1125 357 1185 ¹2·
400 1125 611 1199 Ismenides.
654 1125 850 1204 Discrimen,
879 1125 964 1205 quud
988 1124 1133 1206 plerique
1155 1121 1380 1203 grammatice-

222 1231 293 1284 rum
313 1221 513 1285 constituunt
533 1222 619 1286 inter
641 1222 864 1303 imperativum
888 1223 1067 1304 praesentis
1090 1230 1123 1286 et
1146 1221 1261 1300 futuri,
1287 1217 1381 1285 nihili

220 1335 292 1382 esse
315 1317 377 1382 iam
393 1317 490 1383 Gerh.
514 1317 581 1384 Ina.
606 1321 740 1387 Vossius
756 1321 795 1385 de
818 1321 967 1402 analogia
996 1319 1236 1396 demonstravit,
1260 1316 1381 1382 rectius

213 1414 331 1508 docuit
352 1417 377 1482 I.
402 1415 440 1480 N.
465 1417 660 1485 Schmidtius
682 1420 715 1484 in
738 1419 902 1485 Muetzelli
926 1415 1062 1500 fleittctr.
1086 1416 1109 1494 i.
1134 1417 1162 1480 t.
1188 1411 1381 1496 &amandal-

218 1514 315 1594 tneiea
339 1535 366 1578 a.
393 1521 490 1587 1855.
513 1537 610 1583 mens.
635 1518 848 1598 staupum
873 1535 959 1598 squ,
990 1517 1179 1597 imperativo
1206 1516 1239 1578 iu
1265 1522 1294 1576 to
1326 1513 1381 1578 de-

49 1586 160 1714 VW
224 1614 349 1678 sinente
376 1613 532 1692 postulari
562 1625 596 1682 ut
624 1617 787 1684 deruma
825 1633 865 1680 ue
978 1616 984 1627 '
1037 1611 1173 1694 leidrat
1206 1613 1291 1692 qued
1323 1613 1380 1676 im-

65 1667 171 1802 sffi'
223 1721 366 1789 peratur,
389 1711 495 1790 priore
517 1722 625 1778 autem
648 1732 686 1780 ac
701 1715 886 1796 simpliciori
908 1713 1021 1792 ferma,
1046 1716 1081 1777 ut
1104 1712 1203 1776 semel
1219 1709 1284 1775 fiat.
1316 1710 1382 1774 lta-

37 1780 134 1871 Mv's·
225 1824 287 1886 que
309 1827 349 1873 ne
371 1807 431 1874 hoc
453 1811 582 1888 quidem
605 1813 735 1878 concedi
752 1817 868 1892 petest,
893 1813 1000 1894 priore
1023 1812 1124 1876 torma
1138 1809 1252 1888 leuius,
1274 1808 1380 1874 altera

47 1931 85 2038 ό
122 1859 257 2036 ΙῧζἸιι
291 1915 319 1969 to
355 1908 512 1974 desinenti
545 1910 652 1975 acrius
685 1929 722 1974 aa
754 1909 870 1976 fortius
905 1910 1075 1992 imperari,
1109 1911 1204 1972 imme
1238 1925 1335 1986 saepe
1365 1924 1383 1969 e

82 1989 119 2038 Γ·
225 2009 385 2072 contrariu
408 2007 467 2073 hoe
490 2006 535 2074 fit.
581 2010 630 2074 Ex
658 2009 717 2074 hac
740 2007 924 2074 defiuitione
945 2014 1035 2092 petet
1063 2008 1160 2072 etiam
1189 2006 1244 2084 qui
1266 2003 1324 2070 liat
1348 2010 1383 2068 ut

51 2069 102 2141 3⁹
224 2105 257 2169 in
281 2106 407 2186 legibus
431 2112 465 2172 et
486 2108 599 2172 edictis
622 2107 751 2172 formam
774 2108 958 2188 imperativi
985 2107 1017 2170 in
1046 2113 1074 2167 to
1097 2103 1296 2170 desinentem
1318 2103 1379 2166 La-

226 2202 283 2267 tini
307 2223 463 2286 usurpare
486 2208 721 2286 consueverint,
753 2207 908 2286 siquidem
935 2205 1026 2284 haec,
1050 2210 1086 2268 ut
1109 2201 1236 2281 saepius
1258 2198 1315 2265 fiat
1336 2201 1378 2279 id,

226 2302 310 2379 qnod
333 2305 564 2382 praescribunt,
589 2305 758 2384 postulant.
1035 2301 1037 2305 ’
1367 2368 1370 2375 .

306 2400 590 2482 Praetutiani,
616 2411 643 2486 1,
672 2410 721 2470 12;
745 2403 812 2464 date
834 2407 920 2477 viam,
942 2421 1002 2479 qua
1030 2401 1131 2478 iug'ere
1160 2405 1266 2474 liceat,
1295 2399 1383 2472 facite

224 2508 306 2562 tutae
332 2504 453 2576 plateae
481 2511 612 2579 puteant.
659 2501 854 2566 Menaechm.
888 2500 941 2580 IV,
975 2505 1003 2578 2,
1043 2505 1116 2564 lll:
1143 2500 1267 2575 Aperite
1294 2507 1382 2572 atque

223 2602 362 2660 Erotium
370 2603 482 2676 aliquis
494 2608 608 2664 uocate
619 2613 688 2664 aute
706 2605 822 2662 ostium.
845 2599 942 2663 Mera.
954 2599 980 2678 Ι,
994 2603 1022 2676 2,
1048 2603 1104 2662 21;
1127 2597 1249 2673 Aperite
1265 2598 1382 2672 aliquis.

225 2697 264 2775 V,
281 2701 310 2766 2,
325 2701 343 2760 6
356 2714 420 2775 sm:
443 2700 526 2774 heus,
544 2702 651 2776 uliquis
667 2707 798 2762 actutum
815 2701 871 2759 hue
887 2697 969 2759 ieras
983 2701 1083 2770 Exite,
1107 2699 1190 2757 illinc
1207 2697 1328 2772 pallium
1345 2693 1382 2752 mi

226 2797 338 2868 cesam.
362 2794 477 2859 Pseud.
491 2794 528 2876 V,
543 2801 567 2874 l,
577 2802 630 2862 37:
643 2796 776 2872 Aperite,
783 2800 902 2871 aperite.
914 2799 998 2868 heus,
1012 2798 1125 2858 Simoni
1138 2796 1244 2855 adesse
1258 2810 1303 2852 me
1317 2794 1382 2866 quis

225 2897 368 2954 suadete.
386 2892 483 2957 Marc.
497 2892 534 2969 V,
547 2900 577 2973 4,
593 2900 632 2958 41
647 2914 653 2958 :
671 2899 735 2956 Nisi
749 2900 839 2970 piget,
855 2897 1010 2956 consistite.
1029 2893 1064 2970 V,
1078 2901 1108 2972 4,
1122 2899 1161 2957 97
1166 2914 1172 2953 :
1190 2893 1287 2952 emite
1303 2892 1381 2949 salu·

226 2997 294 3054 tem.
311 2988 458 3068 Trauli,
474 2996 503 3062 8,
523 2998 556 3056 l:
576 2995 677 3056 Datin
697 2997 796 3055 soleas
818 3003 907 3068 atque
923 3013 969 3054 me
990 2996 1069 3054 iutro
1086 3000 1217 3053 actutum
1237 2987 1382 3059 addente,

227 3087 282 3152 ubi
305 3087 439 3154 Bothius
461 3096 494 3154 et
518 3089 686 3156 Goellerus
710 3095 790 3152 Dete
813 3095 1036 3165 correxerunt,
1069 3095 1170 3163 recte,
1194 3085 1321 3164 opinor,
1345 3079 1384 3144 ad

227 3186 433 3266 sententiam,
464 3179 654 3268 quamquam
688 3207 745 3269 per
774 3196 917 3258 metrum
954 3188 1081 3267 qnidam
1104 3189 1204 3248 Detta
1237 3181 1385 3258 correpta

227 3283 340 3348 ultima
363 3283 485 3364 syllaba
507 3284 583 3350 ferri
601 3288 709 3366 pessit,
733 3307 761 3350 v.
778 3288 911 3352 Ritsehl.
928 3286 1099 3367 prolegom.
1117 3285 1148 3346 iu
1164 3281 1250 3346 Trin.
1268 3299 1297 3360 p.
1316 3281 1384 3342 138.

229 3379 357 3445 Terent.
383 3382 480 3446 Andr.
503 3379 563 3455 ΙΙΙ,
589 3391 617 3464 2,
639 3392 698 3452 42;
723 3396 755 3448 tu
777 3397 876 3448 tamen
901 3389 981 3448 idem
1006 3389 1058 3446 has
1083 3387 1200 3459 nuptias
1224 3381 1317 3453 Perpe
1339 3378 1381 3436 ta-

229 3496 298 3540 cere
321 3483 373 3553 ita,
397 3488 431 3541 ut
452 3481 535 3543 facis.
560 3482 639 3547 Eun.
664 3484 702 3565 V,
726 3493 757 3557 8.
785 3491 836 3551 19:
859 3489 1039 3561 eluppiter,
1057 3483 1151 3543 Serve
1166 3483 1291 3542 obsecre
1308 3480 1382 3537 haec

227 3579 305 3637 bena
325 3581 417 3640 nobis.
444 3578 577 3660 Adelph.
601 3580 642 3652 ΙΙ,
668 3588 695 3662 l,
721 3589 747 3647 l.
772 3589 807 3648 2:
830 3586 905 3657 ferte
929 3587 1103 3644 misero-
1126 3581 1284 3641 auxilium:
1309 3577 1382 3636 Sub·

227 3679 323 3738 uenite
357 3679 446 3753 inopi.
480 3675 583 3742 Plana
616 3678 707 3761 Capt.
736 3681 794 3760 ΙΙΙ,
822 3688 852 3750 4,
887 3686 959 3746 103:
984 3682 1061 3754 Quin
1089 3676 1242 3754 quiescis?
1266 3673 1303 3751 [i]
1327 3673 1386 3733 die·

226 3780 353 3845 repam,
376 3796 428 3838 eor
450 3797 556 3854 meum,
580 3797 615 3839 ue
637 3782 780 3855 suspende
803 3789 842 3849 te,
866 3779 956 3857 deq.
980 3777 1000 3842 l.
1018 3776 1148 3841 Rustius
1166 3775 1384 3838 commentatt.

229 3869 331 3936 Plaut.
356 3892 385 3953 p.
407 3878 478 3940 123:
502 3874 660 3951 „Bothius
675 3883 709 3942 et
724 3877 866 3942 Lindem.
892 3875 985 3960 [item
1009 3865 1262 3950 Fleckeisenast
1285 3865 1386 3932 secuti

228 3967 452 4036 austeritatem
485 3972 655 4053 Guilielmi,
682 3975 907 4056 imperativum
930 3981 958 4049 i,
986 3975 1019 4038 in
1051 3973 1213 4039 codicibus
1236 3973 1271 4032 et
1298 3964 1387 4032 libris

221 4065 391 4146 impressis
415 4070 465 4134 vel
487 4068 688 4138 deficientem
709 4073 761 4136 vel
788 4077 861 4152 post
883 4093 934 4135 nor
955 4093 1051 4137 medua
1074 4071 1274 4146 collocatum,
1299 4067 1383 4129 recte

226 4172 407 4245 posuerunt
432 4173 508 4234 ente
532 4175 698 4236 dierectum.
744 4169 902 4250 Sullamne
934 4171 1019 4236 enim
1046 4170 1160 4236 Plauto
1189 4175 1248 4245 est,
1273 4166 1305 4229 in
1328 4162 1385 4228 hac
