<?xml version="1.0" encoding="UTF-8"?>
<!DOCTYPE html PUBLIC "-//W3C//DTD XHTML 1.0 Transitional//EN"
    "http://www.w3.org/TR/xhtml1/DTD/xhtml1-transitional.dtd">
<html xmlns="http://www.w3.org/1999/xhtml" xml:lang="en" lang="en">
 <head>
  <title>
</title>
<meta http-equiv="Content-Type" content="text/html;charset=utf-8" />
  <meta name='ocr-system' content='tesseract 3.04.00' />
  <meta name='ocr-capabilities' content='ocr_page ocr_carea ocr_par ocr_line ocrx_word'/>
</head>
<body>
  <div class='ocr_page' id='page_1' title='image "./syntaxispriscor02holtgoog_0299.png"; bbox 0 0 3048 4770; ppageno 0'>
   <div class='ocr_carea' id='block_1_1' title="bbox 232 91 1086 163">
    <p class='ocr_par' dir='ltr' id='par_1_1' title="bbox 232 91 1086 163">
     <span class='ocr_line' id='line_1_1' title="bbox 232 91 1086 163; baseline -0.019 -16"><span class='ocrx_word' id='word_1_1' title='bbox 232 101 295 163; x_wconf 78' lang='lat'><strong>280</strong></span> <span class='ocrx_word' id='word_1_2' title='bbox 522 92 586 136; x_wconf 74' lang='grc' dir='ltr'><strong>ΟΔΡ.</strong></span> <span class='ocrx_word' id='word_1_3' title='bbox 599 93 645 134; x_wconf 72' lang='lat' dir='ltr'><strong>xl.</strong></span> <span class='ocrx_word' id='word_1_4' title='bbox 673 92 819 136; x_wconf 68' lang='lat' dir='ltr'><strong>uocemue</strong></span> <span class='ocrx_word' id='word_1_5' title='bbox 833 91 1086 134; x_wconf 69' lang='lat' dir='ltr'><strong>sturmariorum.</strong></span> 
     </span>
    </p>
   </div>
   <div class='ocr_carea' id='block_1_2' title="bbox 229 375 1391 1343">
    <p class='ocr_par' dir='ltr' id='par_1_2' title="bbox 229 375 1391 1343">
     <span class='ocr_line' id='line_1_2' title="bbox 229 375 1387 460; baseline -0.006 -15"><span class='ocrx_word' id='word_1_6' title='bbox 229 378 295 457; x_wconf 79' lang='lat' dir='ltr'><strong>lum</strong></span> <span class='ocrx_word' id='word_1_7' title='bbox 318 397 422 442; x_wconf 79' lang='lat' dir='ltr'><strong>aeone.</strong></span> <span class='ocrx_word' id='word_1_8' title='bbox 453 378 559 444; x_wconf 90' lang='lat' dir='ltr'><strong>Plaut.</strong></span> <span class='ocrx_word' id='word_1_9' title='bbox 582 377 676 445; x_wconf 87' lang='lat' dir='ltr'><strong>Most.</strong></span> <span class='ocrx_word' id='word_1_10' title='bbox 692 379 718 460; x_wconf 91' lang='lat'><strong>1,</strong></span> <span class='ocrx_word' id='word_1_11' title='bbox 734 387 765 458; x_wconf 85' lang='lat'><strong>4,</strong></span> <span class='ocrx_word' id='word_1_12' title='bbox 783 384 840 444; x_wconf 86' lang='lat'><strong>20:</strong></span> <span class='ocrx_word' id='word_1_13' title='bbox 866 384 930 456; x_wconf 79' lang='lat' dir='ltr'><strong>Quo</strong></span> <span class='ocrx_word' id='word_1_14' title='bbox 954 398 1008 456; x_wconf 84' lang='lat' dir='ltr'><strong>ego</strong></span> <span class='ocrx_word' id='word_1_15' title='bbox 1031 399 1107 460; x_wconf 87' lang='lat' dir='ltr'><strong>eam,</strong></span> <span class='ocrx_word' id='word_1_16' title='bbox 1128 399 1170 440; x_wconf 77' lang='lat' dir='ltr'><strong>aa</strong></span> <span class='ocrx_word' id='word_1_17' title='bbox 1192 379 1272 442; x_wconf 79' lang='lat' dir='ltr'><strong>scis?</strong></span> <span class='ocrx_word' id='word_1_18' title='bbox 1301 375 1387 440; x_wconf 80' lang='lat' dir='ltr'><strong>Men·</strong></span> 
     </span>
     <span class='ocr_line' id='line_1_3' title="bbox 230 475 491 556; baseline -0.008 -16"><span class='ocrx_word' id='word_1_19' title='bbox 230 475 269 555; x_wconf 88' lang='lat' dir='ltr'><strong>V,</strong></span> <span class='ocrx_word' id='word_1_20' title='bbox 294 481 323 556; x_wconf 86' lang='grc'><strong>5,</strong></span> <span class='ocrx_word' id='word_1_21' title='bbox 346 481 384 541; x_wconf 82' lang='grc'><strong>57</strong></span> <span class='ocrx_word' id='word_1_22' title='bbox 409 492 491 556; x_wconf 83' lang='lat' dir='ltr'><strong>sqq:</strong></span> 
     </span>
     <span class='ocr_line' id='line_1_4' title="bbox 315 575 1275 653; baseline 0 -17"><span class='ocrx_word' id='word_1_23' title='bbox 315 578 420 650; x_wconf 82' lang='lat' dir='ltr'><strong>Neque</strong></span> <span class='ocrx_word' id='word_1_24' title='bbox 444 592 500 649; x_wconf 84' lang='lat' dir='ltr'><strong>ogo</strong></span> <span class='ocrx_word' id='word_1_25' title='bbox 522 575 639 637; x_wconf 86' lang='lat' dir='ltr'><strong>insanio</strong></span> <span class='ocrx_word' id='word_1_26' title='bbox 662 592 758 651; x_wconf 88' lang='lat' dir='ltr'><strong>neque</strong></span> <span class='ocrx_word' id='word_1_27' title='bbox 781 595 895 652; x_wconf 86' lang='lat' dir='ltr'><strong>pugnas</strong></span> <span class='ocrx_word' id='word_1_28' title='bbox 918 594 972 653; x_wconf 83' lang='lat' dir='ltr'><strong>ego</strong></span> <span class='ocrx_word' id='word_1_29' title='bbox 996 579 1136 639; x_wconf 84' lang='lat' dir='ltr'><strong>acolitis</strong></span> <span class='ocrx_word' id='word_1_30' title='bbox 1160 579 1275 652; x_wconf 89' lang='lat' dir='ltr'><strong>coepio.</strong></span> 
     </span>
     <span class='ocr_line' id='line_1_5' title="bbox 306 673 1205 758; baseline 0.003 -25"><span class='ocrx_word' id='word_1_31' title='bbox 306 673 419 758; x_wconf 75' lang='lat' dir='ltr'><strong>Salvos</strong></span> <span class='ocrx_word' id='word_1_32' title='bbox 443 675 541 734; x_wconf 79' lang='lat' dir='ltr'><strong>salros</strong></span> <span class='ocrx_word' id='word_1_33' title='bbox 564 674 638 732; x_wconf 89' lang='lat' dir='ltr'><strong>alios</strong></span> <span class='ocrx_word' id='word_1_34' title='bbox 662 673 761 736; x_wconf 83' lang='lat' dir='ltr'><strong>uideo:</strong></span> <span class='ocrx_word' id='word_1_35' title='bbox 784 676 852 736; x_wconf 86' lang='lat' dir='ltr'><strong>novi</strong></span> <span class='ocrx_word' id='word_1_36' title='bbox 877 675 1027 754; x_wconf 89' lang='lat' dir='ltr'><strong>homiues,</strong></span> <span class='ocrx_word' id='word_1_37' title='bbox 1050 676 1205 750; x_wconf 89' lang='lat' dir='ltr'><strong>adloquar.</strong></span> 
     </span>
     <span class='ocr_line' id='line_1_6' title="bbox 233 765 1383 854; baseline 0.001 -22"><span class='ocrx_word' id='word_1_38' title='bbox 233 767 292 843; x_wconf 77' lang='lat' dir='ltr'><strong>(sic</strong></span> <span class='ocrx_word' id='word_1_39' title='bbox 314 767 433 848; x_wconf 89' lang='lat' dir='ltr'><strong>Bergk.</strong></span> <span class='ocrx_word' id='word_1_40' title='bbox 456 765 570 830; x_wconf 89' lang='lat' dir='ltr'><strong>Philol.</strong></span> <span class='ocrx_word' id='word_1_41' title='bbox 598 771 696 847; x_wconf 86' lang='lat'>1861,</span> <span class='ocrx_word' id='word_1_42' title='bbox 719 767 749 846; x_wconf 85' lang='lat'><strong>1,</strong></span> <span class='ocrx_word' id='word_1_43' title='bbox 773 787 803 849; x_wconf 92' lang='lat' dir='ltr'><strong>p.</strong></span> <span class='ocrx_word' id='word_1_44' title='bbox 828 767 892 850; x_wconf 87' lang='grc'>55).</span> <span class='ocrx_word' id='word_1_45' title='bbox 1374 847 1383 854; x_wconf 39' lang='lat'>‚</span> 
     </span>
     <span class='ocr_line' id='line_1_7' title="bbox 293 866 1321 947; baseline 0.005 -20"><span class='ocrx_word' id='word_1_46' title='bbox 293 867 345 927; x_wconf 86' lang='lat' dir='ltr'><strong>Aa</strong></span> <span class='ocrx_word' id='word_1_47' title='bbox 367 870 425 941; x_wconf 90' lang='lat' dir='ltr'><strong>illi,</strong></span> <span class='ocrx_word' id='word_1_48' title='bbox 448 885 607 942; x_wconf 86' lang='lat' dir='ltr'><strong>perperam</strong></span> <span class='ocrx_word' id='word_1_49' title='bbox 630 868 762 928; x_wconf 81' lang='lat' dir='ltr'><strong>insanire</strong></span> <span class='ocrx_word' id='word_1_50' title='bbox 786 869 836 944; x_wconf 94' lang='lat' dir='ltr'><strong>qui</strong></span> <span class='ocrx_word' id='word_1_51' title='bbox 858 870 941 928; x_wconf 89' lang='lat' dir='ltr'><strong>aiunt</strong></span> <span class='ocrx_word' id='word_1_52' title='bbox 963 887 1027 946; x_wconf 88' lang='lat' dir='ltr'><strong>ma,</strong></span> <span class='ocrx_word' id='word_1_53' title='bbox 1049 871 1108 944; x_wconf 89' lang='lat' dir='ltr'><strong>ipsi</strong></span> <span class='ocrx_word' id='word_1_54' title='bbox 1130 866 1321 947; x_wconf 68' lang='lat' dir='ltr'><strong>insanienti,</strong></span> 
     </span>
     <span class='ocr_line' id='line_1_8' title="bbox 229 962 1391 1046; baseline 0.003 -19"><span class='ocrx_word' id='word_1_55' title='bbox 229 963 269 1028; x_wconf 91' lang='lat' dir='ltr'><strong>de</strong></span> <span class='ocrx_word' id='word_1_56' title='bbox 296 979 326 1042; x_wconf 89' lang='lat' dir='ltr'><strong>q.</strong></span> <span class='ocrx_word' id='word_1_57' title='bbox 352 962 373 1027; x_wconf 90' lang='lat' dir='ltr'><strong>l.</strong></span> <span class='ocrx_word' id='word_1_58' title='bbox 402 963 549 1028; x_wconf 89' lang='lat' dir='ltr'><strong>Handius</strong></span> <span class='ocrx_word' id='word_1_59' title='bbox 575 980 605 1042; x_wconf 89' lang='lat' dir='ltr'><strong>p.</strong></span> <span class='ocrx_word' id='word_1_60' title='bbox 634 967 710 1028; x_wconf 81' lang='lat'>344:</span> <span class='ocrx_word' id='word_1_61' title='bbox 745 1012 763 1042; x_wconf 96' lang='grc'><strong>,,</strong></span> <span class='ocrx_word' id='word_1_62' title='bbox 772 964 793 1028; x_wconf 94' lang='lat' dir='ltr'><strong>i.</strong></span> <span class='ocrx_word' id='word_1_63' title='bbox 824 982 853 1044; x_wconf 90' lang='lat' dir='ltr'><strong>q.</strong></span> <span class='ocrx_word' id='word_1_64' title='bbox 884 982 987 1030; x_wconf 92' lang='lat' dir='ltr'><strong>nonne</strong></span> <span class='ocrx_word' id='word_1_65' title='bbox 1020 963 1078 1044; x_wconf 87' lang='lat' dir='ltr'><strong>ipsi</strong></span> <span class='ocrx_word' id='word_1_66' title='bbox 1108 964 1279 1046; x_wconf 90' lang='lat' dir='ltr'><strong>insaniunt.</strong></span> <span class='ocrx_word' id='word_1_67' title='bbox 1326 965 1391 1030; x_wconf 83' lang='lat' dir='ltr'><strong>Est</strong></span> 
     </span>
     <span class='ocr_line' id='line_1_9' title="bbox 230 1060 1388 1142; baseline 0.004 -20"><span class='ocrx_word' id='word_1_68' title='bbox 230 1078 323 1136; x_wconf 91' lang='lat' dir='ltr'><strong>vero,</strong></span> <span class='ocrx_word' id='word_1_69' title='bbox 348 1061 375 1125; x_wconf 90' lang='lat' dir='ltr'><strong>si</strong></span> <span class='ocrx_word' id='word_1_70' title='bbox 397 1066 498 1126; x_wconf 88' lang='lat' dir='ltr'><strong>totam</strong></span> <span class='ocrx_word' id='word_1_71' title='bbox 522 1060 712 1127; x_wconf 89' lang='lat' dir='ltr'><strong>sententiam</strong></span> <span class='ocrx_word' id='word_1_72' title='bbox 728 1061 891 1140; x_wconf 84' lang='lat' dir='ltr'><strong>exprimis:</strong></span> <span class='ocrx_word' id='word_1_73' title='bbox 914 1065 1006 1126; x_wconf 90' lang='lat' dir='ltr'><strong>estne</strong></span> <span class='ocrx_word' id='word_1_74' title='bbox 1021 1061 1100 1126; x_wconf 91' lang='lat' dir='ltr'><strong>illud</strong></span> <span class='ocrx_word' id='word_1_75' title='bbox 1122 1079 1323 1142; x_wconf 77' lang='lat' dir='ltr'><strong>nonnarum,</strong></span> <span class='ocrx_word' id='word_1_76' title='bbox 1345 1081 1388 1127; x_wconf 86' lang='lat' dir='ltr'><strong>au</strong></span> 
     </span>
     <span class='ocr_line' id='line_1_10' title="bbox 230 1155 520 1239; baseline 0 -18"><span class='ocrx_word' id='word_1_77' title='bbox 230 1157 291 1239; x_wconf 89' lang='lat' dir='ltr'><strong>ipsi</strong></span> <span class='ocrx_word' id='word_1_78' title='bbox 312 1157 476 1223; x_wconf 90' lang='lat' dir='ltr'><strong>insaniunt</strong></span> <span class='ocrx_word' id='word_1_79' title='bbox 484 1155 520 1221; x_wconf 85' lang='lat'><strong>?“</strong></span> 
     </span>
     <span class='ocr_line' id='line_1_11' title="bbox 298 1255 1391 1343; baseline 0.003 -24"><span class='ocrx_word' id='word_1_80' title='bbox 298 1275 356 1343; x_wconf 11' lang='lat' dir='ltr'><strong>km.</strong></span> <span class='ocrx_word' id='word_1_81' title='bbox 399 1255 560 1320; x_wconf 89' lang='lat' dir='ltr'>Plurimus</span> <span class='ocrx_word' id='word_1_82' title='bbox 582 1255 678 1320; x_wconf 91' lang='lat' dir='ltr'><strong>huius</strong></span> <span class='ocrx_word' id='word_1_83' title='bbox 701 1255 846 1321; x_wconf 82' lang='lat' dir='ltr'><strong>concisae</strong></span> <span class='ocrx_word' id='word_1_84' title='bbox 868 1256 1131 1340; x_wconf 76' lang='lat' dir='ltr'><strong>interrogationis</strong></span> <span class='ocrx_word' id='word_1_85' title='bbox 1161 1275 1239 1322; x_wconf 89' lang='lat' dir='ltr'><strong>usus</strong></span> <span class='ocrx_word' id='word_1_86' title='bbox 1261 1257 1295 1321; x_wconf 92' lang='lat' dir='ltr'><strong>in</strong></span> <span class='ocrx_word' id='word_1_87' title='bbox 1317 1257 1391 1322; x_wconf 85' lang='lat' dir='ltr'><strong>vul·</strong></span> 
     </span>
    </p>
   </div>
   <div class='ocr_carea' id='block_1_3' title="bbox 231 249 1504 362">
    <p class='ocr_par' dir='ltr' id='par_1_3' title="bbox 231 249 1504 362">
     <span class='ocr_line' id='line_1_12' title="bbox 231 249 1504 362; baseline -0.004 -16"><span class='ocrx_word' id='word_1_88' title='bbox 231 280 483 348; x_wconf 84' lang='lat' dir='ltr'><strong>sententiatum</strong></span> <span class='ocrx_word' id='word_1_89' title='bbox 507 280 719 348; x_wconf 83' lang='lat' dir='ltr'><strong>affirmatione</strong></span> <span class='ocrx_word' id='word_1_90' title='bbox 742 299 885 348; x_wconf 88' lang='lat' dir='ltr'><strong>essemus</strong></span> <span class='ocrx_word' id='word_1_91' title='bbox 916 281 1145 362; x_wconf 80' lang='lat' dir='ltr'><strong>interrogaturi</strong></span> <span class='ocrx_word' id='word_1_92' title='bbox 1167 299 1226 362; x_wconf 92' lang='lat' dir='ltr'><strong>per</strong></span> <span class='ocrx_word' id='word_1_93' title='bbox 1248 276 1387 344; x_wconf 87' lang='lat' dir='ltr'><strong>vocabu·</strong></span> <span class='ocrx_word' id='word_1_94' title='bbox 1497 249 1504 331; x_wconf 68' lang='lat' dir='ltr'><strong>i</strong></span> 
     </span>
    </p>
   </div>
   <div class='ocr_carea' id='block_1_4' title="bbox 1497 366 1502 435">
    <p class='ocr_par' dir='ltr' id='par_1_4' title="bbox 1497 366 1502 435">
     <span class='ocr_line' id='line_1_13' title="bbox 1497 366 1502 435; baseline 0 0"><span class='ocrx_word' id='word_1_95' title='bbox 1497 366 1502 435; x_wconf 88' lang='grc' dir='ltr'>Ι</span> 
     </span>
    </p>
   </div>
   <div class='ocr_carea' id='block_1_5' title="bbox 1412 525 1504 606">
    <p class='ocr_par' dir='ltr' id='par_1_5' title="bbox 1412 525 1504 606">
     <span class='ocr_line' id='line_1_14' title="bbox 1412 525 1504 606; baseline 0 0"><span class='ocrx_word' id='word_1_96' title='bbox 1412 584 1416 591; x_wconf 92' lang='grc'>-</span> <span class='ocrx_word' id='word_1_97' title='bbox 1499 525 1504 606; x_wconf 86' lang='lat' dir='ltr'><strong>l</strong></span> 
     </span>
    </p>
   </div>
   <div class='ocr_carea' id='block_1_6' title="bbox 230 1352 1504 1435">
    <p class='ocr_par' dir='ltr' id='par_1_6' title="bbox 230 1352 1504 1435">
     <span class='ocr_line' id='line_1_15' title="bbox 230 1352 1504 1435; baseline 0.004 -19"><span class='ocrx_word' id='word_1_98' title='bbox 230 1353 300 1434; x_wconf 86' lang='lat' dir='ltr'><strong>gari</strong></span> <span class='ocrx_word' id='word_1_99' title='bbox 323 1371 469 1418; x_wconf 87' lang='lat' dir='ltr'><strong>sermone</strong></span> <span class='ocrx_word' id='word_1_100' title='bbox 493 1353 644 1433; x_wconf 85' lang='lat' dir='ltr'><strong>cernitur,</strong></span> <span class='ocrx_word' id='word_1_101' title='bbox 668 1353 723 1418; x_wconf 91' lang='lat' dir='ltr'><strong>ubi</strong></span> <span class='ocrx_word' id='word_1_102' title='bbox 746 1353 799 1432; x_wconf 92' lang='lat' dir='ltr'><strong>qui</strong></span> <span class='ocrx_word' id='word_1_103' title='bbox 822 1352 966 1434; x_wconf 90' lang='lat' dir='ltr'><strong>loquitur</strong></span> <span class='ocrx_word' id='word_1_104' title='bbox 987 1356 1183 1420; x_wconf 74' lang='lat' dir='ltr'><strong>conuarium</strong></span> <span class='ocrx_word' id='word_1_105' title='bbox 1206 1373 1277 1420; x_wconf 89' lang='lat' dir='ltr'><strong>esse</strong></span> <span class='ocrx_word' id='word_1_106' title='bbox 1293 1373 1391 1435; x_wconf 88' lang='lat' dir='ltr'><strong>prae·</strong></span> <span class='ocrx_word' id='word_1_107' title='bbox 1503 1385 1504 1388; x_wconf 38' lang='lat'>¹</span> 
     </span>
    </p>
   </div>
   <div class='ocr_carea' id='block_1_7' title="bbox 230 1449 1390 1533">
    <p class='ocr_par' dir='ltr' id='par_1_7' title="bbox 230 1449 1390 1533">
     <span class='ocr_line' id='line_1_16' title="bbox 230 1449 1390 1533; baseline -0.001 -16"><span class='ocrx_word' id='word_1_108' title='bbox 230 1452 328 1517; x_wconf 93' lang='lat' dir='ltr'><strong>sumit</strong></span> <span class='ocrx_word' id='word_1_109' title='bbox 348 1449 399 1516; x_wconf 87' lang='lat' dir='ltr'><strong>vel</strong></span> <span class='ocrx_word' id='word_1_110' title='bbox 422 1455 528 1531; x_wconf 87' lang='lat' dir='ltr'><strong>optat,</strong></span> <span class='ocrx_word' id='word_1_111' title='bbox 563 1456 598 1515; x_wconf 90' lang='lat' dir='ltr'><strong>et</strong></span> <span class='ocrx_word' id='word_1_112' title='bbox 620 1450 688 1531; x_wconf 92' lang='lat' dir='ltr'><strong>ipse</strong></span> <span class='ocrx_word' id='word_1_113' title='bbox 710 1451 885 1515; x_wconf 87' lang='lat' dir='ltr'><strong>miraturus</strong></span> <span class='ocrx_word' id='word_1_114' title='bbox 908 1457 1011 1533; x_wconf 86' lang='lat' dir='ltr'><strong>esset,</strong></span> <span class='ocrx_word' id='word_1_115' title='bbox 1045 1453 1072 1516; x_wconf 88' lang='lat' dir='ltr'><strong>si</strong></span> <span class='ocrx_word' id='word_1_116' title='bbox 1102 1453 1177 1532; x_wconf 91' lang='lat' dir='ltr'><strong>hoc,</strong></span> <span class='ocrx_word' id='word_1_117' title='bbox 1215 1453 1301 1532; x_wconf 92' lang='lat' dir='ltr'><strong>quod</strong></span> <span class='ocrx_word' id='word_1_118' title='bbox 1324 1471 1390 1516; x_wconf 92' lang='lat' dir='ltr'><strong>non</strong></span> 
     </span>
    </p>
   </div>
   <div class='ocr_carea' id='block_1_8' title="bbox 229 1546 1428 1630">
    <p class='ocr_par' dir='ltr' id='par_1_8' title="bbox 229 1546 1428 1630">
     <span class='ocr_line' id='line_1_17' title="bbox 229 1546 1428 1630; baseline 0 -16"><span class='ocrx_word' id='word_1_119' title='bbox 229 1567 300 1614; x_wconf 90' lang='lat' dir='ltr'><strong>esse</strong></span> <span class='ocrx_word' id='word_1_120' title='bbox 323 1549 498 1627; x_wconf 83' lang='lat' dir='ltr'><strong>existimat,</strong></span> <span class='ocrx_word' id='word_1_121' title='bbox 531 1546 723 1614; x_wconf 82' lang='lat' dir='ltr'><strong>affirmatum</strong></span> <span class='ocrx_word' id='word_1_122' title='bbox 747 1555 854 1614; x_wconf 81' lang='lat' dir='ltr'><strong>tamenn</strong></span> <span class='ocrx_word' id='word_1_123' title='bbox 879 1549 1012 1615; x_wconf 89' lang='lat' dir='ltr'><strong>videret.</strong></span> <span class='ocrx_word' id='word_1_124' title='bbox 1059 1549 1152 1627; x_wconf 82' lang='lat' dir='ltr'><strong>Quod</strong></span> <span class='ocrx_word' id='word_1_125' title='bbox 1179 1549 1311 1630; x_wconf 91' lang='lat' dir='ltr'><strong>quidem</strong></span> <span class='ocrx_word' id='word_1_126' title='bbox 1334 1569 1389 1616; x_wconf 84' lang='lat' dir='ltr'><strong>ex·</strong></span> <span class='ocrx_word' id='word_1_127' title='bbox 1425 1561 1428 1569; x_wconf 83' lang='grc'><strong>“</strong></span> 
     </span>
    </p>
   </div>
   <div class='ocr_carea' id='block_1_9' title="bbox 228 1646 1390 1924">
    <p class='ocr_par' dir='ltr' id='par_1_9' title="bbox 228 1646 1390 1924">
     <span class='ocr_line' id='line_1_18' title="bbox 228 1646 1390 1727; baseline 0.003 -16"><span class='ocrx_word' id='word_1_128' title='bbox 228 1647 341 1727; x_wconf 83' lang='lat' dir='ltr'><strong>plicari</strong></span> <span class='ocrx_word' id='word_1_129' title='bbox 371 1651 480 1726; x_wconf 81' lang='lat' dir='ltr'><strong>potest</strong></span> <span class='ocrx_word' id='word_1_130' title='bbox 510 1665 569 1727; x_wconf 85' lang='lat' dir='ltr'><strong>per</strong></span> <span class='ocrx_word' id='word_1_131' title='bbox 598 1646 698 1724; x_wconf 83' lang='lat' dir='ltr'><strong>verbe</strong></span> <span class='ocrx_word' id='word_1_132' title='bbox 726 1649 982 1727; x_wconf 77' lang='lat' dir='ltr'><strong>meteeeredcre,</strong></span> <span class='ocrx_word' id='word_1_133' title='bbox 1015 1650 1083 1710; x_wconf 80' lang='lat' dir='ltr'><strong>reolo</strong></span> <span class='ocrx_word' id='word_1_134' title='bbox 1110 1655 1232 1723; x_wconf 77' lang='lat' dir='ltr'><strong>palere.</strong></span> <span class='ocrx_word' id='word_1_135' title='bbox 1278 1647 1390 1714; x_wconf 82' lang='lat' dir='ltr'><strong>Plant.</strong></span> 
     </span>
     <span class='ocr_line' id='line_1_19' title="bbox 229 1741 1390 1824; baseline 0.003 -18"><span class='ocrx_word' id='word_1_136' title='bbox 229 1742 344 1823; x_wconf 84' lang='lat' dir='ltr'><strong>Amph.</strong></span> <span class='ocrx_word' id='word_1_137' title='bbox 367 1741 416 1820; x_wconf 89' lang='grc' dir='ltr'><strong>Π,</strong></span> <span class='ocrx_word' id='word_1_138' title='bbox 440 1748 477 1823; x_wconf 92' lang='grc'><strong>2,</strong></span> <span class='ocrx_word' id='word_1_139' title='bbox 507 1748 568 1809; x_wconf 89' lang='grc'><strong>140</strong></span> <span class='ocrx_word' id='word_1_140' title='bbox 590 1761 653 1824; x_wconf 78' lang='lat' dir='ltr'><strong>sq:</strong></span> <span class='ocrx_word' id='word_1_141' title='bbox 683 1747 843 1812; x_wconf 80' lang='lat' dir='ltr'><strong>Enimuero</strong></span> <span class='ocrx_word' id='word_1_142' title='bbox 867 1751 935 1808; x_wconf 90' lang='lat' dir='ltr'><strong>illut</strong></span> <span class='ocrx_word' id='word_1_143' title='bbox 957 1756 1080 1822; x_wconf 88' lang='lat' dir='ltr'><strong>praeter</strong></span> <span class='ocrx_word' id='word_1_144' title='bbox 1106 1750 1166 1810; x_wconf 87' lang='lat' dir='ltr'><strong>alia</strong></span> <span class='ocrx_word' id='word_1_145' title='bbox 1197 1749 1271 1808; x_wconf 85' lang='lat' dir='ltr'><strong>mira</strong></span> <span class='ocrx_word' id='word_1_146' title='bbox 1293 1749 1390 1808; x_wconf 90' lang='lat' dir='ltr'><strong>miror</strong></span> 
     </span>
     <span class='ocr_line' id='line_1_20' title="bbox 228 1841 1388 1924; baseline 0.002 -20"><span class='ocrx_word' id='word_1_147' title='bbox 228 1860 375 1920; x_wconf 86' lang='lat' dir='ltr'><strong>maxume,</strong></span> <span class='ocrx_word' id='word_1_148' title='bbox 399 1844 431 1904; x_wconf 83' lang='lat' dir='ltr'><strong>si</strong></span> <span class='ocrx_word' id='word_1_149' title='bbox 453 1845 527 1905; x_wconf 88' lang='lat' dir='ltr'><strong>haec</strong></span> <span class='ocrx_word' id='word_1_150' title='bbox 550 1845 641 1904; x_wconf 82' lang='lat' dir='ltr'><strong>habet</strong></span> <span class='ocrx_word' id='word_1_151' title='bbox 662 1845 927 1918; x_wconf 69' lang='lat' dir='ltr'><strong>pateramillam..</strong></span> <span class='ocrx_word' id='word_1_152' title='bbox 957 1841 1019 1906; x_wconf 86' lang='lat' dir='ltr'><strong>SO.</strong></span> <span class='ocrx_word' id='word_1_153' title='bbox 1041 1845 1093 1904; x_wconf 79' lang='lat' dir='ltr'><strong>Aa</strong></span> <span class='ocrx_word' id='word_1_154' title='bbox 1115 1848 1205 1905; x_wconf 89' lang='lat' dir='ltr'><strong>etiam</strong></span> <span class='ocrx_word' id='word_1_155' title='bbox 1228 1846 1260 1906; x_wconf 91' lang='lat' dir='ltr'><strong>id</strong></span> <span class='ocrx_word' id='word_1_156' title='bbox 1276 1847 1388 1924; x_wconf 85' lang='lat' dir='ltr'><strong>eredis,</strong></span> 
     </span>
    </p>
   </div>
   <div class='ocr_carea' id='block_1_10' title="bbox 226 1925 1504 2118">
    <p class='ocr_par' dir='ltr' id='par_1_10' title="bbox 226 1925 1504 2118">
     <span class='ocr_line' id='line_1_21' title="bbox 226 1925 1504 2022; baseline 0.004 -21"><span class='ocrx_word' id='word_1_157' title='bbox 226 1958 303 2016; x_wconf 87' lang='lat' dir='ltr'><strong>quae</strong></span> <span class='ocrx_word' id='word_1_158' title='bbox 333 1943 364 2001; x_wconf 90' lang='lat' dir='ltr'><strong>in</strong></span> <span class='ocrx_word' id='word_1_159' title='bbox 391 1942 447 2002; x_wconf 86' lang='lat' dir='ltr'><strong>hac</strong></span> <span class='ocrx_word' id='word_1_160' title='bbox 478 1943 587 2002; x_wconf 88' lang='lat' dir='ltr'><strong>cistula</strong></span> <span class='ocrx_word' id='word_1_161' title='bbox 615 1943 795 2017; x_wconf 80' lang='lat' dir='ltr'><strong>Tuosiguo</strong></span> <span class='ocrx_word' id='word_1_162' title='bbox 820 1925 982 2018; x_wconf 80' lang='lat' dir='ltr'><strong>,opsignata</strong></span> <span class='ocrx_word' id='word_1_163' title='bbox 1010 1942 1132 2004; x_wconf 82' lang='lat' dir='ltr'><strong>lertur‘?</strong></span> <span class='ocrx_word' id='word_1_164' title='bbox 1176 1941 1324 2006; x_wconf 87' lang='lat' dir='ltr'><strong>Haudius</strong></span> <span class='ocrx_word' id='word_1_165' title='bbox 1356 1960 1389 2022; x_wconf 87' lang='lat' dir='ltr'><strong>p.</strong></span> <span class='ocrx_word' id='word_1_166' title='bbox 1503 1995 1504 1998; x_wconf 58' lang='lat'><strong>.</strong></span> 
     </span>
     <span class='ocr_line' id='line_1_22' title="bbox 227 2034 1504 2118; baseline 0 -16"><span class='ocrx_word' id='word_1_167' title='bbox 227 2042 304 2102; x_wconf 79' lang='lat'>346:</span> <span class='ocrx_word' id='word_1_168' title='bbox 329 2037 458 2118; x_wconf 78' lang='lat' dir='ltr'><strong>„plenez</strong></span> <span class='ocrx_word' id='word_1_169' title='bbox 481 2053 585 2104; x_wconf 88' lang='lat' dir='ltr'><strong>nonne</strong></span> <span class='ocrx_word' id='word_1_170' title='bbox 607 2034 703 2101; x_wconf 89' lang='lat' dir='ltr'><strong>aliam</strong></span> <span class='ocrx_word' id='word_1_171' title='bbox 725 2037 879 2118; x_wconf 85' lang='lat' dir='ltr'><strong>intelligis</strong></span> <span class='ocrx_word' id='word_1_172' title='bbox 901 2043 1057 2118; x_wconf 88' lang='lat' dir='ltr'><strong>pateram,</strong></span> <span class='ocrx_word' id='word_1_173' title='bbox 1082 2056 1123 2103; x_wconf 89' lang='lat' dir='ltr'><strong>an</strong></span> <span class='ocrx_word' id='word_1_174' title='bbox 1139 2039 1235 2102; x_wconf 85' lang='lat' dir='ltr'><strong>etiam</strong></span> <span class='ocrx_word' id='word_1_175' title='bbox 1260 2038 1294 2102; x_wconf 91' lang='lat' dir='ltr'><strong>id</strong></span> <span class='ocrx_word' id='word_1_176' title='bbox 1319 2057 1389 2104; x_wconf 85' lang='lat' dir='ltr'><strong>ore·</strong></span> <span class='ocrx_word' id='word_1_177' title='bbox 1503 2071 1504 2078; x_wconf 21' lang='grc' dir='ltr'><strong>κ</strong></span> 
     </span>
    </p>
   </div>
   <div class='ocr_carea' id='block_1_11' title="bbox 200 2131 1394 2510">
    <p class='ocr_par' dir='ltr' id='par_1_11' title="bbox 200 2131 1394 2510">
     <span class='ocr_line' id='line_1_23' title="bbox 225 2131 1390 2220; baseline 0.002 -22"><span class='ocrx_word' id='word_1_178' title='bbox 225 2132 319 2198; x_wconf 71' lang='lat' dir='ltr'><strong>disr‘</strong></span> <span class='ocrx_word' id='word_1_179' title='bbox 365 2134 435 2202; x_wconf 81' lang='lat' dir='ltr'><strong>eas.</strong></span> <span class='ocrx_word' id='word_1_180' title='bbox 458 2133 525 2214; x_wconf 90' lang='grc' dir='ltr'>ΙΙΙ,</span> <span class='ocrx_word' id='word_1_181' title='bbox 550 2138 579 2214; x_wconf 94' lang='grc'><strong>5,</strong></span> <span class='ocrx_word' id='word_1_182' title='bbox 603 2139 643 2201; x_wconf 89' lang='grc'><strong>38</strong></span> <span class='ocrx_word' id='word_1_183' title='bbox 654 2157 665 2220; x_wconf 77' lang='grc' dir='ltr'><strong>ιΙ</strong></span> <span class='ocrx_word' id='word_1_184' title='bbox 692 2135 745 2198; x_wconf 83' lang='lat' dir='ltr'><strong>Aa</strong></span> <span class='ocrx_word' id='word_1_185' title='bbox 772 2139 922 2212; x_wconf 84' lang='lat' dir='ltr'><strong>quippiam</strong></span> <span class='ocrx_word' id='word_1_186' title='bbox 938 2135 1011 2215; x_wconf 20' lang='lat' dir='ltr'><strong>*laic</strong></span> <span class='ocrx_word' id='word_1_187' title='bbox 1034 2135 1102 2216; x_wconf 85' lang='lat' dir='ltr'><strong>Ap)</strong></span> <span class='ocrx_word' id='word_1_188' title='bbox 1119 2135 1172 2200; x_wconf 50' lang='lat' dir='ltr'><strong>&#39;ad</strong></span> <span class='ocrx_word' id='word_1_189' title='bbox 1200 2139 1234 2200; x_wconf 86' lang='lat' dir='ltr'><strong>te</strong></span> <span class='ocrx_word' id='word_1_190' title='bbox 1264 2131 1390 2200; x_wconf 81' lang='lat' dir='ltr'><strong>adtinet</strong></span> 
     </span>
     <span class='ocr_line' id='line_1_24' title="bbox 200 2231 1394 2315; baseline 0.002 -19"><span class='ocrx_word' id='word_1_191' title='bbox 200 2233 286 2310; x_wconf 65' lang='lat' dir='ltr'><strong>laic</strong></span> <span class='ocrx_word' id='word_1_192' title='bbox 310 2233 395 2315; x_wconf 81' lang='lat' dir='ltr'><strong>Ap)?</strong></span> <span class='ocrx_word' id='word_1_193' title='bbox 439 2231 516 2300; x_wconf 83' lang='lat' dir='ltr'><strong>cist.</strong></span> <span class='ocrx_word' id='word_1_194' title='bbox 540 2232 590 2314; x_wconf 86' lang='lat'><strong>11,</strong></span> <span class='ocrx_word' id='word_1_195' title='bbox 617 2239 650 2312; x_wconf 86' lang='lat'><strong>1,</strong></span> <span class='ocrx_word' id='word_1_196' title='bbox 673 2238 729 2298; x_wconf 76' lang='lat'><strong>422</strong></span> <span class='ocrx_word' id='word_1_197' title='bbox 757 2235 867 2297; x_wconf 76' lang='lat' dir='ltr'><strong>Arene</strong></span> <span class='ocrx_word' id='word_1_198' title='bbox 894 2237 1000 2313; x_wconf 79' lang='lat' dir='ltr'><strong>eliam,</strong></span> <span class='ocrx_word' id='word_1_199' title='bbox 1030 2238 1100 2311; x_wconf 92' lang='lat' dir='ltr'><strong>quid</strong></span> <span class='ocrx_word' id='word_1_200' title='bbox 1131 2237 1306 2298; x_wconf 86' lang='lat' dir='ltr'><strong>consultura</strong></span> <span class='ocrx_word' id='word_1_201' title='bbox 1337 2238 1394 2306; x_wconf 67' lang='lat' dir='ltr'><strong>sis,</strong></span> 
     </span>
     <span class='ocr_line' id='line_1_25' title="bbox 228 2330 1393 2413; baseline 0.002 -18"><span class='ocrx_word' id='word_1_202' title='bbox 228 2332 343 2396; x_wconf 78' lang='lat' dir='ltr'><strong>sciam?</strong></span> <span class='ocrx_word' id='word_1_203' title='bbox 374 2332 433 2409; x_wconf 84' lang='lat' dir='ltr'><strong>(sic</strong></span> <span class='ocrx_word' id='word_1_204' title='bbox 454 2330 564 2411; x_wconf 84' lang='lat' dir='ltr'><strong>Both.;</strong></span> <span class='ocrx_word' id='word_1_205' title='bbox 594 2330 692 2413; x_wconf 89' lang='lat' dir='ltr'><strong>vulgo</strong></span> <span class='ocrx_word' id='word_1_206' title='bbox 716 2337 802 2392; x_wconf 86' lang='lat' dir='ltr'><strong>Anne</strong></span> <span class='ocrx_word' id='word_1_207' title='bbox 833 2340 865 2391; x_wconf 86' lang='lat' dir='ltr'><strong>ut</strong></span> <span class='ocrx_word' id='word_1_208' title='bbox 896 2334 986 2393; x_wconf 84' lang='lat' dir='ltr'><strong>etiem</strong></span> <span class='ocrx_word' id='word_1_209' title='bbox 1017 2333 1115 2408; x_wconf 86' lang='lat' dir='ltr'><strong>cett.).</strong></span> <span class='ocrx_word' id='word_1_210' title='bbox 1151 2331 1255 2398; x_wconf 81' lang='lat' dir='ltr'><strong>‚Most</strong></span> <span class='ocrx_word' id='word_1_211' title='bbox 1280 2331 1332 2411; x_wconf 91' lang='lat'><strong>11,</strong></span> <span class='ocrx_word' id='word_1_212' title='bbox 1357 2337 1393 2412; x_wconf 87' lang='grc'><strong>2,</strong></span> 
     </span>
     <span class='ocr_line' id='line_1_26' title="bbox 226 2426 1388 2510; baseline 0.001 -16"><span class='ocrx_word' id='word_1_213' title='bbox 226 2434 268 2494; x_wconf 87' lang='grc'><strong>85</strong></span> <span class='ocrx_word' id='word_1_214' title='bbox 291 2448 354 2510; x_wconf 90' lang='lat' dir='ltr'><strong>sq.:</strong></span> <span class='ocrx_word' id='word_1_215' title='bbox 380 2433 504 2506; x_wconf 79' lang='lat' dir='ltr'><strong>Quicum</strong></span> <span class='ocrx_word' id='word_1_216' title='bbox 527 2435 622 2494; x_wconf 89' lang='lat' dir='ltr'><strong>istaec</strong></span> <span class='ocrx_word' id='word_1_217' title='bbox 646 2429 792 2507; x_wconf 81' lang='lat' dir='ltr'><strong>loquere?</strong></span> <span class='ocrx_word' id='word_1_218' title='bbox 814 2426 877 2492; x_wconf 82' lang='lat' dir='ltr'><strong>TR.</strong></span> <span class='ocrx_word' id='word_1_219' title='bbox 893 2429 946 2489; x_wconf 79' lang='lat' dir='ltr'><strong>Aa</strong></span> <span class='ocrx_word' id='word_1_220' title='bbox 968 2448 1079 2506; x_wconf 88' lang='lat' dir='ltr'><strong>quaeso</strong></span> <span class='ocrx_word' id='word_1_221' title='bbox 1102 2440 1134 2492; x_wconf 92' lang='lat' dir='ltr'><strong>tu</strong></span> <span class='ocrx_word' id='word_1_222' title='bbox 1150 2431 1388 2506; x_wconf 68' lang='lat' dir='ltr'><strong>appellatores?</strong></span> 
     </span>
    </p>
   </div>
   <div class='ocr_carea' id='block_1_12' title="bbox 227 2524 1504 2605">
    <p class='ocr_par' dir='ltr' id='par_1_12' title="bbox 227 2524 1504 2605">
     <span class='ocr_line' id='line_1_27' title="bbox 227 2524 1504 2605; baseline -0.002 -12"><span class='ocrx_word' id='word_1_223' title='bbox 227 2526 366 2605; x_wconf 79' lang='lat' dir='ltr'><strong>Milli,</strong></span> <span class='ocrx_word' id='word_1_224' title='bbox 391 2533 425 2605; x_wconf 87' lang='grc'><strong>5,</strong></span> <span class='ocrx_word' id='word_1_225' title='bbox 449 2533 484 2592; x_wconf 85' lang='lat'><strong>9:</strong></span> <span class='ocrx_word' id='word_1_226' title='bbox 519 2530 685 2604; x_wconf 86' lang='lat' dir='ltr'><strong>Siquidem</strong></span> <span class='ocrx_word' id='word_1_227' title='bbox 708 2534 784 2590; x_wconf 88' lang='lat' dir='ltr'><strong>east.</strong></span> <span class='ocrx_word' id='word_1_228' title='bbox 831 2524 887 2592; x_wconf 79' lang='lat' dir='ltr'><strong>SC.</strong></span> <span class='ocrx_word' id='word_1_229' title='bbox 903 2527 969 2590; x_wconf 74' lang='lat' dir='ltr'><strong>..la</strong></span> <span class='ocrx_word' id='word_1_230' title='bbox 995 2529 1114 2589; x_wconf 89' lang='lat' dir='ltr'><strong>dublum</strong></span> <span class='ocrx_word' id='word_1_231' title='bbox 1144 2530 1176 2588; x_wconf 90' lang='lat' dir='ltr'><strong>id</strong></span> <span class='ocrx_word' id='word_1_232' title='bbox 1205 2530 1290 2590; x_wconf 87' lang='lat' dir='ltr'><strong>tibist</strong></span> <span class='ocrx_word' id='word_1_233' title='bbox 1319 2547 1389 2590; x_wconf 85' lang='lat' dir='ltr'><strong>eam</strong></span> <span class='ocrx_word' id='word_1_234' title='bbox 1503 2539 1504 2566; x_wconf 62' lang='grc'>1</span> 
     </span>
    </p>
   </div>
   <div class='ocr_carea' id='block_1_13' title="bbox 225 2623 1393 3098">
    <p class='ocr_par' dir='ltr' id='par_1_13' title="bbox 225 2623 1393 3098">
     <span class='ocr_line' id='line_1_28' title="bbox 225 2623 1393 2704; baseline -0.002 -16"><span class='ocrx_word' id='word_1_235' title='bbox 225 2645 294 2689; x_wconf 90' lang='lat' dir='ltr'><strong>esse</strong></span> <span class='ocrx_word' id='word_1_236' title='bbox 328 2625 426 2687; x_wconf 78' lang='lat' dir='ltr'><strong>hanc?</strong></span> <span class='ocrx_word' id='word_1_237' title='bbox 470 2624 569 2690; x_wconf 86' lang='lat' dir='ltr'><strong>Mero.</strong></span> <span class='ocrx_word' id='word_1_238' title='bbox 592 2625 635 2703; x_wconf 90' lang='lat' dir='ltr'><strong>V,</strong></span> <span class='ocrx_word' id='word_1_239' title='bbox 664 2627 703 2704; x_wconf 88' lang='grc'><strong>4,</strong></span> <span class='ocrx_word' id='word_1_240' title='bbox 734 2629 790 2689; x_wconf 81' lang='grc' dir='ltr'><strong>2οι</strong></span> <span class='ocrx_word' id='word_1_241' title='bbox 823 2625 899 2688; x_wconf 86' lang='lat' dir='ltr'><strong>Nam</strong></span> <span class='ocrx_word' id='word_1_242' title='bbox 916 2683 919 2690; x_wconf 88' lang='grc'>,</span> <span class='ocrx_word' id='word_1_243' title='bbox 934 2628 998 2688; x_wconf 88' lang='lat' dir='ltr'><strong>ibat</strong></span> <span class='ocrx_word' id='word_1_244' title='bbox 1031 2629 1189 2688; x_wconf 83' lang='lat' dir='ltr'><strong>exulatum.</strong></span> <span class='ocrx_word' id='word_1_245' title='bbox 1241 2623 1320 2702; x_wconf 64' lang='lat' dir='ltr'><strong>DE„</strong></span> <span class='ocrx_word' id='word_1_246' title='bbox 1347 2623 1393 2686; x_wconf 79' lang='lat' dir='ltr'><strong>aa</strong></span> 
     </span>
     <span class='ocr_line' id='line_1_29' title="bbox 227 2720 1390 2801; baseline -0.001 -15"><span class='ocrx_word' id='word_1_247' title='bbox 227 2723 324 2786; x_wconf 81' lang='lat' dir='ltr'><strong>abiit?</strong></span> <span class='ocrx_word' id='word_1_248' title='bbox 368 2720 484 2786; x_wconf 86' lang='lat' dir='ltr'><strong>Pseud.</strong></span> <span class='ocrx_word' id='word_1_249' title='bbox 509 2720 572 2796; x_wconf 89' lang='lat'>111,</span> <span class='ocrx_word' id='word_1_250' title='bbox 597 2727 630 2801; x_wconf 84' lang='lat'><strong>2,</strong></span> <span class='ocrx_word' id='word_1_251' title='bbox 654 2726 708 2787; x_wconf 83' lang='lat'><strong>62:</strong></span> <span class='ocrx_word' id='word_1_252' title='bbox 742 2723 795 2784; x_wconf 78' lang='lat' dir='ltr'><strong>Aa</strong></span> <span class='ocrx_word' id='word_1_253' title='bbox 823 2734 856 2785; x_wconf 89' lang='lat' dir='ltr'><strong>tu</strong></span> <span class='ocrx_word' id='word_1_254' title='bbox 886 2727 1019 2786; x_wconf 88' lang='lat' dir='ltr'><strong>invenire</strong></span> <span class='ocrx_word' id='word_1_255' title='bbox 1049 2726 1184 2798; x_wconf 88' lang='lat' dir='ltr'><strong>postulas</strong></span> <span class='ocrx_word' id='word_1_256' title='bbox 1207 2741 1390 2800; x_wconf 85' lang='lat' dir='ltr'><strong>quemquam</strong></span> 
     </span>
     <span class='ocr_line' id='line_1_30' title="bbox 228 2815 1389 2900; baseline 0.003 -18"><span class='ocrx_word' id='word_1_257' title='bbox 228 2823 352 2897; x_wconf 84' lang='lat' dir='ltr'><strong>coquom</strong></span> <span class='ocrx_word' id='word_1_258' title='bbox 379 2819 445 2883; x_wconf 80' lang='lat' dir='ltr'><strong>-i</strong></span> <span class='ocrx_word' id='word_1_259' title='bbox 490 2815 550 2882; x_wconf 84' lang='lat' dir='ltr'><strong>Oui</strong></span> <span class='ocrx_word' id='word_1_260' title='bbox 580 2817 824 2900; x_wconf 85' lang='lat' dir='ltr'><strong>interrogationi</strong></span> <span class='ocrx_word' id='word_1_261' title='bbox 853 2819 975 2898; x_wconf 86' lang='lat' dir='ltr'><strong>Ballio</strong></span> <span class='ocrx_word' id='word_1_262' title='bbox 996 2819 1170 2900; x_wconf 88' lang='lat' dir='ltr'><strong>respondet</strong></span> <span class='ocrx_word' id='word_1_263' title='bbox 1201 2837 1259 2899; x_wconf 89' lang='lat' dir='ltr'><strong>per</strong></span> <span class='ocrx_word' id='word_1_264' title='bbox 1288 2819 1389 2886; x_wconf 85' lang='lat' dir='ltr'><strong>aliam</strong></span> 
     </span>
     <span class='ocr_line' id='line_1_31' title="bbox 226 2916 1388 2999; baseline 0.002 -19"><span class='ocrx_word' id='word_1_265' title='bbox 226 2916 511 2999; x_wconf 84' lang='lat' dir='ltr'><strong>interrogationem</strong></span> <span class='ocrx_word' id='word_1_266' title='bbox 534 2935 563 2982; x_wconf 86' lang='lat' dir='ltr'><strong>v.</strong></span> <span class='ocrx_word' id='word_1_267' title='bbox 588 2921 638 2982; x_wconf 83' lang='grc'><strong>64.</strong></span> <span class='ocrx_word' id='word_1_268' title='bbox 681 2919 734 2980; x_wconf 82' lang='lat' dir='ltr'><strong>Aa</strong></span> <span class='ocrx_word' id='word_1_269' title='bbox 756 2926 789 2981; x_wconf 88' lang='lat' dir='ltr'><strong>tu</strong></span> <span class='ocrx_word' id='word_1_270' title='bbox 812 2922 994 2996; x_wconf 81' lang='lat' dir='ltr'><strong>aequitatum</strong></span> <span class='ocrx_word' id='word_1_271' title='bbox 1023 2925 1053 2986; x_wconf 86' lang='lat' dir='ltr'><strong>te</strong></span> <span class='ocrx_word' id='word_1_272' title='bbox 1083 2921 1128 2978; x_wconf 89' lang='lat' dir='ltr'><strong>ire</strong></span> <span class='ocrx_word' id='word_1_273' title='bbox 1158 2937 1307 2996; x_wconf 89' lang='lat' dir='ltr'><strong>quoquam</strong></span> <span class='ocrx_word' id='word_1_274' title='bbox 1331 2940 1388 2997; x_wconf 91' lang='lat' dir='ltr'><strong>po·</strong></span> 
     </span>
     <span class='ocr_line' id='line_1_32' title="bbox 226 3013 1388 3098; baseline 0.003 -20"><span class='ocrx_word' id='word_1_275' title='bbox 226 3020 337 3092; x_wconf 80' lang='lat' dir='ltr'><strong>etuias,</strong></span> <span class='ocrx_word' id='word_1_276' title='bbox 368 3019 445 3092; x_wconf 73' lang='lat' dir='ltr'><strong>Quin</strong></span> <span class='ocrx_word' id='word_1_277' title='bbox 475 3019 517 3078; x_wconf 92' lang='lat' dir='ltr'><strong>ibi</strong></span> <span class='ocrx_word' id='word_1_278' title='bbox 547 3019 721 3080; x_wconf 80' lang='lat' dir='ltr'><strong>constrictis</strong></span> <span class='ocrx_word' id='word_1_279' title='bbox 743 3021 861 3095; x_wconf 85' lang='lat' dir='ltr'><strong>ungulis</strong></span> <span class='ocrx_word' id='word_1_280' title='bbox 892 3015 1150 3094; x_wconf 76' lang='lat' dir='ltr'><strong>conamcoquas?</strong></span> <span class='ocrx_word' id='word_1_281' title='bbox 1195 3013 1250 3094; x_wconf 87' lang='lat' dir='ltr'><strong>IV,</strong></span> <span class='ocrx_word' id='word_1_282' title='bbox 1277 3021 1305 3098; x_wconf 87' lang='grc'><strong>7,</strong></span> <span class='ocrx_word' id='word_1_283' title='bbox 1330 3020 1388 3081; x_wconf 84' lang='lat'><strong>62:</strong></span> 
     </span>
    </p>
   </div>
   <div class='ocr_carea' id='block_1_14' title="bbox 97 3111 1390 3193">
    <p class='ocr_par' dir='ltr' id='par_1_14' title="bbox 97 3111 1390 3193">
     <span class='ocr_line' id='line_1_33' title="bbox 97 3111 1390 3193; baseline -0.003 -13"><span class='ocrx_word' id='word_1_284' title='bbox 97 3175 98 3180; x_wconf 73' lang='grc'>,</span> <span class='ocrx_word' id='word_1_285' title='bbox 225 3113 273 3179; x_wconf 81' lang='lat' dir='ltr'><strong>sl.</strong></span> <span class='ocrx_word' id='word_1_286' title='bbox 298 3117 376 3189; x_wconf 82' lang='lat' dir='ltr'><strong>Quid</strong></span> <span class='ocrx_word' id='word_1_287' title='bbox 398 3114 480 3177; x_wconf 81' lang='lat' dir='ltr'><strong>iam?</strong></span> <span class='ocrx_word' id='word_1_288' title='bbox 516 3113 583 3178; x_wconf 83' lang='lat' dir='ltr'><strong>BA.</strong></span> <span class='ocrx_word' id='word_1_289' title='bbox 605 3114 658 3175; x_wconf 82' lang='lat' dir='ltr'><strong>Aa</strong></span> <span class='ocrx_word' id='word_1_290' title='bbox 679 3117 779 3178; x_wconf 90' lang='lat' dir='ltr'><strong>nescis</strong></span> <span class='ocrx_word' id='word_1_291' title='bbox 807 3135 883 3193; x_wconf 87' lang='lat' dir='ltr'><strong>quae</strong></span> <span class='ocrx_word' id='word_1_292' title='bbox 914 3119 952 3178; x_wconf 89' lang='lat' dir='ltr'><strong>sit</strong></span> <span class='ocrx_word' id='word_1_293' title='bbox 982 3117 1056 3176; x_wconf 91' lang='lat' dir='ltr'><strong>haec</strong></span> <span class='ocrx_word' id='word_1_294' title='bbox 1079 3111 1151 3175; x_wconf 78' lang='lat' dir='ltr'><strong>resi</strong></span> <span class='ocrx_word' id='word_1_295' title='bbox 1195 3117 1309 3178; x_wconf 74' lang='lat' dir='ltr'><strong>uid:</strong></span> <span class='ocrx_word' id='word_1_296' title='bbox 1333 3116 1390 3178; x_wconf 80' lang='lat' dir='ltr'><strong>Aa</strong></span> 
     </span>
    </p>
   </div>
   <div class='ocr_carea' id='block_1_15' title="bbox 226 3210 1386 3488">
    <p class='ocr_par' dir='ltr' id='par_1_15' title="bbox 226 3210 1386 3488">
     <span class='ocr_line' id='line_1_34' title="bbox 228 3210 1383 3290; baseline 0.002 -15"><span class='ocrx_word' id='word_1_297' title='bbox 228 3216 317 3275; x_wconf 87' lang='lat' dir='ltr'><strong>etiam</strong></span> <span class='ocrx_word' id='word_1_298' title='bbox 347 3216 401 3274; x_wconf 89' lang='lat' dir='ltr'><strong>illa</strong></span> <span class='ocrx_word' id='word_1_299' title='bbox 430 3231 567 3290; x_wconf 87' lang='lat' dir='ltr'><strong>umquam</strong></span> <span class='ocrx_word' id='word_1_300' title='bbox 595 3215 775 3289; x_wconf 84' lang='lat' dir='ltr'><strong>expugnarit</strong></span> <span class='ocrx_word' id='word_1_301' title='bbox 803 3231 955 3274; x_wconf 85' lang='lat' dir='ltr'><strong>carcerem</strong></span> <span class='ocrx_word' id='word_1_302' title='bbox 986 3216 1114 3288; x_wconf 86' lang='lat' dir='ltr'><strong>patriam</strong></span> <span class='ocrx_word' id='word_1_303' title='bbox 1138 3211 1242 3274; x_wconf 79' lang='lat' dir='ltr'><strong>tuam?</strong></span> <span class='ocrx_word' id='word_1_304' title='bbox 1286 3210 1383 3277; x_wconf 90' lang='lat' dir='ltr'><strong>Poen.</strong></span> 
     </span>
     <span class='ocr_line' id='line_1_35' title="bbox 226 3306 1385 3390; baseline 0.001 -16"><span class='ocrx_word' id='word_1_305' title='bbox 226 3306 265 3388; x_wconf 91' lang='lat' dir='ltr'><strong>V,</strong></span> <span class='ocrx_word' id='word_1_306' title='bbox 289 3313 318 3386; x_wconf 90' lang='grc'><strong>2,</strong></span> <span class='ocrx_word' id='word_1_307' title='bbox 342 3314 397 3374; x_wconf 84' lang='lat'><strong>31:</strong></span> <span class='ocrx_word' id='word_1_308' title='bbox 420 3313 476 3371; x_wconf 87' lang='lat' dir='ltr'><strong>Vin</strong></span> <span class='ocrx_word' id='word_1_309' title='bbox 499 3312 648 3386; x_wconf 86' lang='lat' dir='ltr'><strong>adpellem</strong></span> <span class='ocrx_word' id='word_1_310' title='bbox 671 3312 748 3372; x_wconf 90' lang='lat' dir='ltr'><strong>hune</strong></span> <span class='ocrx_word' id='word_1_311' title='bbox 772 3311 905 3374; x_wconf 87' lang='lat' dir='ltr'><strong>Punice?</strong></span> <span class='ocrx_word' id='word_1_312' title='bbox 937 3309 1003 3374; x_wconf 78' lang='lat' dir='ltr'><strong>AG.</strong></span> <span class='ocrx_word' id='word_1_313' title='bbox 1026 3311 1078 3370; x_wconf 82' lang='lat' dir='ltr'><strong>Aa</strong></span> <span class='ocrx_word' id='word_1_314' title='bbox 1101 3307 1200 3388; x_wconf 74' lang='lat' dir='ltr'><strong>arisi,</strong></span> <span class='ocrx_word' id='word_1_315' title='bbox 1224 3309 1310 3389; x_wconf 86' lang='lat' dir='ltr'><strong>quod</strong></span> <span class='ocrx_word' id='word_1_316' title='bbox 1325 3327 1385 3390; x_wconf 86' lang='lat' dir='ltr'><strong>per</strong></span> 
     </span>
     <span class='ocr_line' id='line_1_36' title="bbox 226 3403 1386 3488; baseline 0.002 -17"><span class='ocrx_word' id='word_1_317' title='bbox 226 3404 406 3471; x_wconf 90' lang='lat' dir='ltr'><strong>irrisionem</strong></span> <span class='ocrx_word' id='word_1_318' title='bbox 429 3407 638 3485; x_wconf 85' lang='lat' dir='ltr'><strong>dictumest,</strong></span> <span class='ocrx_word' id='word_1_319' title='bbox 669 3403 870 3486; x_wconf 65' lang='lat' dir='ltr'><strong>benededit</strong></span> <span class='ocrx_word' id='word_1_320' title='bbox 894 3410 926 3470; x_wconf 73' lang='lat' dir='ltr'><strong>es</strong></span> <span class='ocrx_word' id='word_1_321' title='bbox 950 3405 1033 3488; x_wconf 63' lang='lat' dir='ltr'><strong>molal</strong></span> <span class='ocrx_word' id='word_1_322' title='bbox 1057 3404 1132 3488; x_wconf 76' lang='lat' dir='ltr'><strong>quet</strong></span> <span class='ocrx_word' id='word_1_323' title='bbox 1176 3423 1205 3470; x_wconf 87' lang='lat' dir='ltr'><strong>u.</strong></span> <span class='ocrx_word' id='word_1_324' title='bbox 1230 3411 1309 3473; x_wconf 83' lang='lat'><strong>107:</strong></span> <span class='ocrx_word' id='word_1_325' title='bbox 1332 3410 1386 3472; x_wconf 82' lang='lat' dir='ltr'><strong>Aa</strong></span> 
     </span>
    </p>
   </div>
   <div class='ocr_carea' id='block_1_16' title="bbox 226 3493 1394 3585">
    <p class='ocr_par' dir='ltr' id='par_1_16' title="bbox 226 3493 1394 3585">
     <span class='ocr_line' id='line_1_37' title="bbox 226 3493 1394 3585; baseline 0.006 -22"><span class='ocrx_word' id='word_1_326' title='bbox 226 3507 337 3564; x_wconf 88' lang='lat' dir='ltr'><strong>mortui</strong></span> <span class='ocrx_word' id='word_1_327' title='bbox 376 3497 470 3566; x_wconf 82' lang='lat' dir='ltr'><strong>sonti</strong></span> <span class='ocrx_word' id='word_1_328' title='bbox 499 3512 563 3582; x_wconf 69' lang='lat'><strong>34,</strong></span> <span class='ocrx_word' id='word_1_329' title='bbox 599 3510 656 3571; x_wconf 78' lang='lat' dir='ltr'><strong>ol:</strong></span> <span class='ocrx_word' id='word_1_330' title='bbox 673 3506 743 3572; x_wconf 76' lang='lat' dir='ltr'><strong>:Aa</strong></span> <span class='ocrx_word' id='word_1_331' title='bbox 776 3517 900 3581; x_wconf 87' lang='lat' dir='ltr'><strong>patruus</strong></span> <span class='ocrx_word' id='word_1_332' title='bbox 942 3515 1002 3582; x_wconf 80' lang='lat' dir='ltr'><strong>est,</strong></span> <span class='ocrx_word' id='word_1_333' title='bbox 1040 3493 1272 3585; x_wconf 76' lang='lat' dir='ltr'><strong>Agorastocles,</strong></span> <span class='ocrx_word' id='word_1_334' title='bbox 1314 3507 1394 3570; x_wconf 85' lang='lat' dir='ltr'><strong>taus</strong></span> 
     </span>
    </p>
   </div>
   <div class='ocr_carea' id='block_1_17' title="bbox 224 3599 1385 4071">
    <p class='ocr_par' dir='ltr' id='par_1_17' title="bbox 224 3599 1385 3878">
     <span class='ocr_line' id='line_1_38' title="bbox 227 3599 1385 3689; baseline 0.005 -28"><span class='ocrx_word' id='word_1_335' title='bbox 227 3601 312 3662; x_wconf 76' lang='lat' dir='ltr'><strong>hiet.</strong></span> <span class='ocrx_word' id='word_1_336' title='bbox 331 3599 426 3666; x_wconf 75' lang='lat' dir='ltr'><strong>Tria.</strong></span> <span class='ocrx_word' id='word_1_337' title='bbox 447 3601 510 3680; x_wconf 79' lang='lat' dir='ltr'><strong>lv,</strong></span> <span class='ocrx_word' id='word_1_338' title='bbox 534 3607 570 3680; x_wconf 84' lang='grc'><strong>2.,</strong></span> <span class='ocrx_word' id='word_1_339' title='bbox 596 3606 748 3689; x_wconf 49' lang='grc'><strong>10152111</strong></span> <span class='ocrx_word' id='word_1_340' title='bbox 771 3607 803 3666; x_wconf 81' lang='lat' dir='ltr'><strong>t&#39;u</strong></span> <span class='ocrx_word' id='word_1_341' title='bbox 826 3607 916 3666; x_wconf 86' lang='lat' dir='ltr'><strong>etiam</strong></span> <span class='ocrx_word' id='word_1_342' title='bbox 940 3607 1039 3666; x_wconf 87' lang='lat' dir='ltr'><strong>vidisti</strong></span> <span class='ocrx_word' id='word_1_343' title='bbox 1070 3601 1194 3666; x_wconf 81' lang='lat' dir='ltr'><strong>lovem?</strong></span> <span class='ocrx_word' id='word_1_344' title='bbox 1239 3602 1332 3669; x_wconf 73' lang='lat' dir='ltr'><strong>Teuc.</strong></span> <span class='ocrx_word' id='word_1_345' title='bbox 1355 3602 1385 3684; x_wconf 90' lang='lat' dir='ltr'><strong>I,</strong></span> 
     </span>
     <span class='ocr_line' id='line_1_39' title="bbox 224 3699 1293 3766; baseline 0.004 -4"><span class='ocrx_word' id='word_1_346' title='bbox 224 3699 248 3761; x_wconf 82' lang='grc'>2</span> <span class='ocrx_word' id='word_1_347' title='bbox 285 3702 342 3764; x_wconf 81' lang='lat'><strong>89:</strong></span> <span class='ocrx_word' id='word_1_348' title='bbox 1219 3747 1223 3752; x_wconf 88' lang='lat'><em>-</em></span> <span class='ocrx_word' id='word_1_349' title='bbox 1289 3759 1293 3766; x_wconf 91' lang='lat'><strong>.</strong></span> 
     </span>
     <span class='ocr_line' id='line_1_40' title="bbox 241 3745 1329 3878; baseline 0.006 -22"><span class='ocrx_word' id='word_1_350' title='bbox 241 3745 321 3858; x_wconf 23' lang='lat' dir='ltr'><strong>fila</strong></span> <span class='ocrx_word' id='word_1_351' title='bbox 343 3803 406 3862; x_wconf 90' lang='lat' dir='ltr'><strong>tute</strong></span> <span class='ocrx_word' id='word_1_352' title='bbox 431 3795 577 3872; x_wconf 87' lang='lat' dir='ltr'><strong>(Becker.</strong></span> <span class='ocrx_word' id='word_1_353' title='bbox 600 3798 640 3862; x_wconf 94' lang='lat' dir='ltr'><strong>de</strong></span> <span class='ocrx_word' id='word_1_354' title='bbox 664 3785 855 3864; x_wconf 77' lang='lat' dir='ltr'><strong>com.&#39;Roru.</strong></span> <span class='ocrx_word' id='word_1_355' title='bbox 879 3798 940 3866; x_wconf 76' lang='lat' dir='ltr'><strong>lab,</strong></span> <span class='ocrx_word' id='word_1_356' title='bbox 964 3833 1005 3844; x_wconf 90' lang='lat'>-</span> <span class='ocrx_word' id='word_1_357' title='bbox 1029 3803 1151 3878; x_wconf 87' lang='lat' dir='ltr'><strong>quaest.</strong></span> <span class='ocrx_word' id='word_1_358' title='bbox 1175 3816 1206 3878; x_wconf 89' lang='lat' dir='ltr'><strong>p.</strong></span> <span class='ocrx_word' id='word_1_359' title='bbox 1231 3805 1272 3863; x_wconf 81' lang='grc'><strong>74</strong></span> <span class='ocrx_word' id='word_1_360' title='bbox 1295 3805 1329 3862; x_wconf 79' lang='lat' dir='ltr'><strong>la</strong></span> 
     </span>
    </p>

    <p class='ocr_par' dir='ltr' id='par_1_18' title="bbox 269 3895 1328 4071">
     <span class='ocr_line' id='line_1_41' title="bbox 447 3895 1328 3994; baseline 0.003 -39"><span class='ocrx_word' id='word_1_361' title='bbox 447 3989 448 3994; x_wconf 8' lang='grc' dir='ltr'>γ</span> <span class='ocrx_word' id='word_1_362' title='bbox 560 3895 600 3971; x_wconf 84' lang='lat' dir='ltr'><strong>te)</strong></span> <span class='ocrx_word' id='word_1_363' title='bbox 624 3899 700 3961; x_wconf 90' lang='lat' dir='ltr'><strong>bene</strong></span> <span class='ocrx_word' id='word_1_364' title='bbox 723 3916 786 3958; x_wconf 86' lang='lat' dir='ltr'><strong>rem</strong></span> <span class='ocrx_word' id='word_1_365' title='bbox 808 3901 956 3974; x_wconf 85' lang='lat' dir='ltr'><strong>publicam</strong></span> <span class='ocrx_word' id='word_1_366' title='bbox 980 3908 1032 3962; x_wconf 85' lang='lat' dir='ltr'><strong>aut</strong></span> <span class='ocrx_word' id='word_1_367' title='bbox 1047 3901 1156 3960; x_wconf 88' lang='lat' dir='ltr'><strong>amoris</strong></span> <span class='ocrx_word' id='word_1_368' title='bbox 1177 3901 1239 3960; x_wconf 87' lang='lat' dir='ltr'><strong>alia</strong></span> <span class='ocrx_word' id='word_1_369' title='bbox 1261 3901 1328 3974; x_wconf 85' lang='lat' dir='ltr'><strong>lege</strong></span> 
     </span>
     <span class='ocr_line' id='line_1_42' title="bbox 269 3993 1058 4071; baseline 0.006 -19"><span class='ocrx_word' id='word_1_370' title='bbox 269 3993 389 4053; x_wconf 88' lang='lat' dir='ltr'><strong>Habere</strong></span> <span class='ocrx_word' id='word_1_371' title='bbox 413 3999 502 4066; x_wconf 85' lang='lat' dir='ltr'><strong>posse</strong></span> <span class='ocrx_word' id='word_1_372' title='bbox 524 3997 672 4068; x_wconf 82' lang='lat' dir='ltr'><strong>postulas,</strong></span> <span class='ocrx_word' id='word_1_373' title='bbox 697 3998 766 4071; x_wconf 89' lang='lat' dir='ltr'><strong>quin</strong></span> <span class='ocrx_word' id='word_1_374' title='bbox 790 4005 822 4056; x_wconf 92' lang='lat' dir='ltr'><strong>tu</strong></span> <span class='ocrx_word' id='word_1_375' title='bbox 846 4000 958 4058; x_wconf 87' lang='lat' dir='ltr'><strong>otiosus</strong></span> <span class='ocrx_word' id='word_1_376' title='bbox 981 3998 1058 4058; x_wconf 86' lang='lat' dir='ltr'><strong>fias?</strong></span> 
     </span>
    </p>
   </div>
   <div class='ocr_carea' id='block_1_18' title="bbox 219 4044 1394 4173">
    <p class='ocr_par' dir='ltr' id='par_1_19' title="bbox 219 4044 1394 4173">
     <span class='ocr_line' id='line_1_43' title="bbox 219 4044 1394 4173; baseline 0.003 -21"><span class='ocrx_word' id='word_1_377' title='bbox 219 4102 253 4153; x_wconf 76' lang='lat' dir='ltr'><strong>v.</strong></span> <span class='ocrx_word' id='word_1_378' title='bbox 276 4093 332 4157; x_wconf 84' lang='lat'><strong>63:</strong></span> <span class='ocrx_word' id='word_1_379' title='bbox 366 4088 419 4150; x_wconf 81' lang='lat' dir='ltr'><strong>Aa</strong></span> <span class='ocrx_word' id='word_1_380' title='bbox 448 4109 494 4150; x_wconf 86' lang='lat' dir='ltr'><strong>me</strong></span> <span class='ocrx_word' id='word_1_381' title='bbox 523 4099 670 4154; x_wconf 86' lang='lat' dir='ltr'><strong>mortuom</strong></span> <span class='ocrx_word' id='word_1_382' title='bbox 696 4095 866 4156; x_wconf 75' lang='lat' dir='ltr'><strong>arbitrare?</strong></span> <span class='ocrx_word' id='word_1_383' title='bbox 910 4094 1037 4158; x_wconf 85' lang='lat' dir='ltr'><strong>Terent.</strong></span> <span class='ocrx_word' id='word_1_384' title='bbox 1068 4093 1147 4159; x_wconf 84' lang='lat' dir='ltr'><strong>Eun.</strong></span> <span class='ocrx_word' id='word_1_385' title='bbox 1171 4091 1239 4173; x_wconf 84' lang='lat'>111,</span> <span class='ocrx_word' id='word_1_386' title='bbox 1266 4098 1301 4173; x_wconf 82' lang='lat'><strong>5,</strong></span> <span class='ocrx_word' id='word_1_387' title='bbox 1325 4044 1394 4158; x_wconf 54' lang='lat' dir='ltr'><strong>tos</strong></span> 
     </span>
    </p>
   </div>
   <div class='ocr_carea' id='block_1_19' title="bbox 0 0 1528 4770">
    <p class='ocr_par' dir='ltr' id='par_1_20' title="bbox 0 0 1528 4770">
     <span class='ocr_line' id='line_1_44' title="bbox 0 0 1528 4770; baseline 0 1"><span class='ocrx_word' id='word_1_388' title='bbox 0 0 1528 4770; x_wconf 95' lang='lat' dir='ltr'><strong> </strong></span> 
     </span>
    </p>
   </div>
  </div>
 </body>
</html>
