3090 4768
487 209 526 250 DE
542 210 672 251 nortona
687 209 782 250 vnum.
797 229 821 238 ·-
836 207 972 248 scrivere.
1285 215 1304 274 9

149 417 235 474 quum
275 410 484 476 quaereretur,
529 403 600 478 quid
644 403 769 462 maxime
814 401 844 460 iu
890 417 923 460 re
961 399 1101 462 iamiiiari
1138 399 1303 475 expediret,

147 499 317 572 rospondit:
342 501 444 577 „Bene
454 507 604 574 poscere.“
649 500 726 574 Quid
742 498 924 560 seeundum?
961 497 1060 568 „Satis
1075 501 1304 572 imponerer

149 595 225 669 Quid
248 598 391 658 tertium?
437 598 538 667 ‚Mete
553 603 712 672 pasceret
735 594 820 675 quod
836 593 1018 661 Gronovius
1040 594 1191 676 explieat:
1216 611 1303 672 „rem

147 692 331 772 pecuariam
355 712 449 774 quem
472 694 698 776 amplissimam
721 692 840 758 habere
868 709 1063 776 magnosque
1085 691 1210 774 peeoris
1231 709 1303 772 gre·

145 807 203 871 ges
225 795 258 856 et
280 790 366 856 lecta
386 792 602 858 iumentorum
625 789 801 856 armente.“
845 791 949 856 Plaut.
973 790 1066 858 Poen.
1090 791 1169 871 prol.
1193 807 1222 854 v.
1247 793 1301 854 13:

143 885 262 952 Ex'eroe
275 909 388 965 vocem,
404 911 491 967 quam
507 910 562 967 per
573 893 705 967 vivisque
717 899 748 952 et
764 890 847 954 eolis.
870 890 983 970 Amph.
996 890 1021 970 1,
1036 894 1065 968 3,
1080 894 1134 955 23:
1157 892 1303 966 Nequiter

143 1006 241 1064 paene
264 987 414 1063 ewadioit
427 993 524 1066 prima
538 991 724 1065 parasitatio.
770 989 882 1053 Douza
898 991 1049 1066 expedivit
1070 988 1301 1068 interpretatur

144 1088 287 1162 expedita
300 1097 357 1162 est,
374 1086 392 1151 i.
406 1103 432 1150 e.
445 1093 578 1166 peraeta
589 1091 648 1166 est,
661 1092 698 1151 ut
710 1091 743 1150 et
755 1085 923 1164 Meursius,
933 1086 988 1166 qui
999 1090 1136 1164 nequiter
1149 1087 1302 1162 expedivit

141 1183 387 1263 interpretatur,
415 1203 527 1265 parum
555 1183 643 1249 utilis
671 1183 732 1248 init
753 1185 857 1264 prima
877 1184 1078 1265 parasitatio.
1125 1181 1215 1263 Gapt.
1239 1181 1299 1260 ΙΙΙ,

144 1287 172 1361 1,
205 1285 261 1346 20:
296 1285 361 1359 quis
389 1285 582 1361 motator&
618 1299 659 1347 so.
694 1300 729 1348 se
762 1283 813 1346 vel
842 1301 956 1348 nomen
985 1301 1087 1362 suum,
1111 1282 1141 1347 h.
1172 1301 1198 1348 e.
1227 1281 1300 1360 quis

140 1379 304 1460 promittit
326 1399 361 1446 se
383 1381 424 1446 ad
447 1381 613 1461 prandium
635 1397 686 1446 me
701 1383 910 1446 vocaturum?
956 1383 1150 1458 Suppediture
1166 1379 1220 1462 (de
1235 1395 1299 1459 quo

141 1478 205 1542 vid.
238 1477 382 1543 Perizon.
414 1479 455 1544 ad
484 1477 592 1545 Sanet.
620 1497 650 1559 p.
670 1479 768 1560 ,386),
804 1481 888 1560 quod
920 1483 1049 1561 proprie
1083 1485 1134 1544 est
1166 1478 1300 1543 verbum

141 1575 347 1640 transitivum
372 1579 430 1651 (sie
447 1578 572 1642 Terent.
590 1577 670 1642 Eun.
689 1577 726 1658 V,
743 1581 773 1659 8,
789 1583 844 1643 46:
867 1582 907 1642 Ut
929 1588 981 1642 tuo
1004 1582 1097 1642 amori
1112 1579 1299 1654 suppeditare

139 1680 260 1752 possint
289 1680 353 1737 sine
384 1687 502 1754 sumptu
529 1685 581 1738 tuo
604 1680 709 1740 Omnia
731 1681 816 1753 haee,
848 1695 885 1741 ex
909 1674 1132 1742 emendatione
1153 1673 1299 1740 Fleckei-

140 1773 234 1852 seni),
276 1791 500 1854 nonuunquam
537 1774 738 1840 intransitiva
774 1771 1006 1856 signifieat-ioue
1043 1778 1227 1854 usurpatur,
1262 1776 1299 1837 ut

139 1871 245 1936 Plaut
271 1872 359 1937 Asin.
383 1872 426 1951 II,
448 1881 479 1949 4,
505 1877 561 1936 17:
590 1877 688 1951 itaque
715 1878 817 1938 herote
840 1877 976 1936 Clamore
1005 1891 1040 1936 ae
1063 1875 1215 1936 stomaeho
1239 1889 1298 1934 uon

141 1991 220 2042 queo
251 1974 348 2034 labori
376 1973 571 2046 suppeditare,
601 1974 628 2032 h.
656 1989 681 2036 o.
710 1989 769 2052 par
797 1991 877 2036 esse.
924 1971 1009 2037 Triu.
1038 1971 1075 2050 V,
1112 1975 1138 2049 l,
1169 1975 1206 2036 3:
1250 1972 1297 2031 Ita

138 2073 256 2148 gaudiis
285 2072 421 2146 gaudium
448 2070 623 2143 sappeditat,
650 2067 680 2133 h.
709 2089 736 2133 e.
766 2069 917 2150 suppetit
962 2069 1090 2135 Terent
1118 2066 1235 2132 Heaut.
1260 2065 1297 2135 V,

58 2159 61 2166 ’
143 2171 253 2246 1,57:
300 2171 332 2229 Si
355 2171 397 2231 illi
420 2185 513 2244 pergo
534 2169 724 2243 suppeditare
748 2173 922 2246 sumptibus.
967 2166 1115 2248 Inprimis
1138 2165 1201 2233 hue
1223 2181 1296 2243 per·

139 2265 223 2329 tinet
246 2265 341 2330 etiam
364 2285 467 2328 emere
489 2260 718 2346 significatione
740 2265 943 2331 intransitiva
964 2265 1102 2346 positum
1123 2263 1296 2342 aliquoties

139 2361 227 2444 apud
256 2361 450 2428 Terentium.
497 2362 548 2428 Sic
577 2363 674 2428 Andr.
705 2362 731 2443 I,
762 2368 870 2444 2,14:
915 2367 1014 2426 Meum
1044 2370 1166 2441 gnatum
1196 2381 1296 2422 rumor

138 2471 189 2524 est
211 2480 323 2532 umore,
351 2462 421 2527 vide
443 2460 585 2526 Periuou.
613 2460 654 2526 ad
676 2459 781 2527 Sauet.
804 2479 834 2542 p.
860 2467 930 2528 397.
954 2461 995 2527 ib.
1019 2480 1047 2527 v.
1071 2463 1128 2526 2οι
1173 2463 1295 2537 Omnes,

139 2565 191 2639 qui
214 2564 326 2634 omont,
357 2563 488 2638 graviter
514 2562 571 2622 sibi
593 2561 658 2622 dari
679 2577 800 2623 uxorem
822 2561 931 2623 ferunt.
977 2558 1111 2640 Adelph.
1134 2557 1161 2638 Ι,
1185 2561 1215 2635 2,
1239 2560 1294 2620 37:

139 2660 291 2734 obsonet,
320 2667 417 2735 potat,
443 2662 504 2720 olet
530 2664 693 2734 unguenta:
729 2660 765 2722 de
794 2678 867 2723 meo.
917 2657 1022 2728 Amat,
1054 2659 1172 2719 dabitur
1203 2675 1221 2717 a
1247 2673 1294 2716 me

136 2764 305 2833 argeutum.
348 2756 440 2821 Adde
461 2755 542 2822 Eun.
565 2752 621 2833 IV,
645 2759 674 2833 7,
701 2759 754 2820 10:
783 2761 864 2820 solus
887 2759 997 2820 Sannio
1019 2760 1123 2819 aarum
1144 2757 1233 2827 domi,
1257 2750 1296 2816 cf.

136 2853 244 2919 Plaut.
273 2853 388 2935 Amph.
412 2873 440 2920 v.
464 2859 540 2922 352:
567 2861 636 2934 quia
663 2875 717 2919 nos
744 2873 861 2918 eramus
887 2857 1022 2933 peregri,
1052 2858 1176 2916 aaran
1202 2853 1291 2914 domi.

137 2955 233 3018 Dura
269 2956 320 3017 est
355 2953 482 3018 omissio
519 2955 634 3021 obiecti
671 2971 720 3036 ap.
758 2952 943 3018 Terentium
980 2952 1059 3016 Eun.
1092 2949 1136 3028 II,
1173 2955 1202 3029 3,
1236 2953 1294 3012 84:

136 3056 304 3114 Praeterea
332 3051 428 3114 forma
456 3061 487 3114 et
518 3062 602 3116 aetas
629 3059 734 3130 ipsast,
765 3053 854 3114 facile
882 3062 915 3113 ut
943 3071 999 3128 pro
1022 3052 1157 3112 eunucho
1174 3050 1293 3124 probes,

136 3147 195 3215 ubi
216 3148 389 3230 ambigitur
412 3155 518 3216 utrum
541 3153 666 3215 formam
688 3159 720 3213 et
741 3158 868 3213 aetate·
889 3156 976 3214 ante
992 3153 1099 3212 mente
1115 3145 1293 3210 addendum

134 3249 198 3314 sit:
222 3245 300 3312 illud
323 3247 399 3311 mihi
422 3247 548 3314 videtur
570 3247 782 3315 verisimilius.
828 3245 1029 3312 Contrarium
1052 3249 1112 3321 est,
1137 3243 1164 3308 si
1184 3241 1293 3318 verba,

134 3363 274 3426 quorum
297 3346 486 3427 primigenia
513 3345 701 3428 significatio
724 3345 926 3411 intransitiva
948 3347 1008 3423 est,
1036 3341 1291 3408 intransitivum

133 3443 296 3507 notionem
324 3461 359 3507 se
390 3447 585 3510 convertunt.
629 3450 748 3524 Moneo,
775 3444 904 3523 dequo
935 3441 1007 3507 vide
1039 3439 1145 3507 Sauot.
1174 3457 1205 3519 p.
1231 3444 1292 3504 354

133 3541 246 3622 ibique
268 3540 477 3621 Perizonium,
500 3544 627 3623 proprie
651 3548 701 3608 est
722 3539 969 3620 intransitivum,
999 3539 1044 3604 sie
1065 3538 1170 3604 Plaut.
1193 3536 1291 3602 Stich.

131 3640 160 3718 Ι,
185 3645 215 3717 2,
242 3645 275 3703 l:
322 3643 379 3715 Qui
405 3647 504 3704 manet
530 3651 564 3704 ut
590 3650 745 3705 moneatur
771 3657 890 3716 semper
919 3657 1021 3702 servos
1051 3640 1138 3700 homo
1161 3637 1293 3699 officium

134 3757 232 3812 suum,
256 3735 383 3802 Terent.
400 3738 529 3803 Phorm.
553 3740 590 3818 V,
607 3743 636 3820 6,
653 3744 681 3819 9,
706 3738 763 3804 sed
785 3735 944 3803 convertit
965 3752 1000 3800 se
1024 3735 1122 3800 etiam
1144 3733 1177 3800 iu
1199 3751 1293 3798 usum

133 3834 348 3913 transitivum,
370 3837 415 3900 sio
436 3837 540 3903 Plaut.
564 3836 677 3918 Amph.
701 3836 727 3916 I,
751 3841 780 3915 3,
795 3840 846 3901 48.
891 3829 975 3898 Μεε,
991 3832 1034 3912 ΙΙ,
1050 3840 1079 3907 3,
1097 3839 1146 3897 o'e.
1193 3832 1291 3898 Stich.

131 3932 160 4011 l,
184 3937 215 4012 2,
239 3938 289 4012 37,
312 3934 396 3999 alibi.
441 3936 525 4001 Num
549 3936 644 4002 verbo
667 3939 798 4012 miprare
821 3933 955 3998 Plautus
979 3947 1119 4010 uuquam
1140 3935 1293 4009 tauquam

130 4029 304 4096 transitivo
335 4051 413 4098 usus
441 4035 501 4113 sit,
524 4035 655 4102 dubium
686 4039 745 4111 est,
772 4035 870 4112 negat
899 4031 1141 4110 Kampmaunus
1169 4028 1210 4092 de
1242 4033 1291 4090 AB

130 4145 246 4209 praep.
275 4148 304 4210 p.
334 4135 383 4210 24,
411 4131 518 4197 adnot.
550 4139 568 4199 3
596 4130 694 4196 allato
722 4129 791 4195 loeo
820 4145 859 4194 ex
886 4127 1071 4193 Trinummo
1101 4125 1161 4206 ΙΙΙ,
1186 4131 1216 4204 2,
1244 4129 1292 4201 13,

130 4225 188 4293 ubi
219 4225 411 4294 Ritsohelius
442 4249 481 4295 ex
508 4227 703 4311 Aroposuit
725 4245 821 4304 neque
844 4244 927 4288 mens
956 4225 1055 4287 oifieio
1085 4228 1203 4302 mipene,
1235 4217 1294 4285 sed
