3048 4770
250 147 311 208 212
541 135 604 178 GAP.
618 135 664 174 KV·
692 133 841 175 vocamen
855 135 1106 176 enuncinuionuu.

249 325 285 390 R.
309 325 345 388 R.
370 345 395 391 c.
420 331 453 390 3:
478 330 577 390 Prinna
600 328 804 388 odolescentia
826 333 942 402 patrem
965 323 1095 387 familias
1119 345 1222 402 agrum
1245 345 1407 390 conserere

248 425 382 486 studiose
405 431 531 503 oportet,
560 425 718 486 aedificare
747 426 796 484 diu
820 427 952 500 cogitare
980 428 1108 500 oportet,
1128 430 1297 488 ⁴conserere
1328 427 1408 502 cogi-
1508 479 1509 482 ,

248 530 313 584 tare
337 541 396 583 nou
417 529 548 598 oportet,
576 523 629 584 sed
658 522 757 582 iacere
786 527 905 596 oportet.
952 519 1173 588 commemoro
1204 524 1301 590 etiarn
1322 523 1407 604 peri-
1508 531 1509 538 ’

247 618 390 700 phrasin,
413 620 453 683 de
476 637 539 700 qua
561 617 631 681 ride
647 617 750 682 Rudd.
768 636 796 698 p.
822 623 893 683 372.
917 617 1020 684 Plaut.
1038 618 1108 683 Aul.
1125 619 1205 699 prol.
1223 638 1251 686 v.
1268 626 1306 686 4:
1331 625 1407 682 hanc

248 719 363 781 domurn
389 722 449 779 Iam
473 723 582 779 multos
606 735 698 778 annos
721 723 764 777 est
785 737 871 794 quoru
895 719 1043 793 possideo.
1089 717 1216 782 Terent.
1244 719 1324 783 Hec.
1348 718 1407 797 ΙΙΙ,

242 819 277 886 b,
302 821 356 879 51:
384 819 415 877 Si
442 822 485 877 cst
512 825 545 876 ut
572 809 649 877 ‘velit
677 817 840 878 redducere
864 833 995 890 uxorem,
1019 841 1062 863 ==
1085 813 1112 876 si
1139 814 1209 879 vult
1239 818 1404 882 reducere.

248 911 362 976 Heaut.
386 913 465 993 prol.
490 931 517 976 v.
543 917 600 977 26:
624 920 725 974 oratos
747 931 799 974 vos
823 914 917 974 omnis
939 914 1072 986 volo:
1095 929 1162 976 oro.
1209 913 1289 980 Heu·
1309 914 1351 985 ΙΙ,
1375 920 1404 994 2,

249 1015 344 1090 2sq.:
367 1013 484 1086 faciam,
507 1015 548 1074 Ut
570 1013 626 1073 tibi
649 1011 826 1088 concedam,
850 1035 892 1061 =
915 1011 1086 1074 concedam
1109 1011 1178 1076 tibi.

335 1114 362 1172 2.
391 1109 523 1182 Maioris
546 1108 700 1172 momenti
721 1111 772 1171 est
794 1109 1025 1182 breoitoqoentio
1046 1109 1290 1192 (brachylogia),
1313 1110 1405 1175 cuius

248 1205 351 1287 prima
379 1205 483 1273 forma
509 1211 559 1272 est
585 1207 761 1283 asyndeton,
797 1222 878 1294 qnae
902 1211 1029 1270 constat
1064 1207 1096 1270 in
1125 1207 1302 1273 omittenda
1331 1225 1407 1272 eon·

245 1304 421 1383 iunctione,
452 1305 595 1385 inprimis
624 1301 820 1382 copulativa,
844 1303 1099 1390 'intersinguias
1122 1309 1231 1386 partes
1255 1305 1406 1372 enuncia·

245 1401 349 1466 tionis.
393 1402 431 1466 in
453 1402 538 1482 legg.
561 1400 624 1465 XII
648 1399 733 1464 tabb.
757 1398 811 1479 VI,
837 1399 874 1466 fr.
900 1407 918 1467 3
941 1401 1062 1484 legitur
1084 1423 1157 1466 osus
1175 1405 1351 1480 auotoritas,
1377 1421 1405 1464 v.

246 1501 393 1565 Dirkseu.
417 1499 574 1564 Funoeius
603 1505 829 1562 commemorat
856 1498 954 1564 fuisse
989 1501 1046 1580 qui
1071 1519 1144 1565 asos
1171 1518 1230 1581 pro
1263 1500 1404 1581 genitivo

246 1598 435 1678 acciperent,
460 1597 544 1677 quod
566 1615 629 1660 uon
653 1603 775 1661 rectum
794 1598 855 1661 est.
900 1597 1039 1674 Maxime
1061 1597 1210 1680 frequens
1238 1604 1289 1664 est
1312 1611 1407 1680 asyn-

247 1696 342 1760 deton
365 1697 397 1760 in
421 1695 502 1759 libro
518 1693 647 1758 Catonis
669 1694 709 1757 de
732 1713 766 1760 re
783 1695 913 1775 rustica,
936 1697 1020 1776 quod
1043 1699 1160 1777 partim
1184 1715 1222 1762 ex
1244 1697 1406 1776 incompto

244 1792 339 1858 huius
363 1793 436 1857 libri
456 1793 582 1857 dicendi
605 1811 742 1872 genere,
771 1795 821 1857 cui
844 1792 956 1856 ultima
978 1792 1054 1858 lima
1077 1794 1243 1877 scriptoris
1266 1793 1407 1860 defuisse

245 1891 386 1971 videtur,
419 1891 570 1971 explicari
597 1894 712 1970 potest.
758 1888 793 1953 Ο.
820 1896 853 1952 l:
884 1894 983 1954 Vicini
1014 1913 1071 1968 quo
1101 1893 1348 1972 paetoniteant,
1376 1895 1408 1953 id

246 1993 374 2052 animum
398 1992 561 2051 advertito:
593 1991 622 2051 in
647 1991 724 2050 bona
746 1991 867 2065 'regione
890 1992 965 2051 bene
990 1993 1086 2052 nitere
1111 1993 1275 2067 oportebit:
1310 1993 1408 2053 etuti

246 2107 282 2150 eo
305 2107 371 2149 cunr
395 2091 544 2155 introeas,
575 2089 816 2164 circumspicias,
839 2089 883 2147 uti
905 2089 974 2148 inde
996 2091 1074 2148 ¹eniri
1096 2092 1206 2164 possit:
1231 2092 1274 2149 uti
1299 2091 1408 2151 bonurn

243 2190 359 2248 ¹coelum
382 2187 500 2264 hebeat,
520 2203 556 2246 ne
581 2188 786 2247 calamitosum
810 2188 877 2248 siet.
909 2185 970 2248 Hic
992 2188 1147 2264 quattuor
1168 2192 1278 2264 paries
1307 2205 1407 2251 enun-

243 2283 403 2348 ciatiouis:
431 2288 460 2344 in
492 2285 569 2344 bona
592 2317 632 2333 -—
655 2287 820 2360 oportebit,
853 2286 896 2343 uti
924 2285 1098 2359 circumsp.‚
1129 2287 1173 2343 uti
1195 2317 1241 2328 -
1261 2285 1346 2359 hab,
1370 2303 1407 2346 ne

242 2388 299 2446 cal.
324 2387 397 2459 siet,
426 2396 560 2461 quarum
590 2385 658 2457 tres
681 2385 863 2460 postremae
886 2383 962 2444 sunt
981 2371 1214 2460 adhortativae,
1237 2380 1270 2442 ἐκ
1284 2377 1409 2460 copule

244 2472 337 2561 λὴλου
359 2481 483 2560 positae
507 2484 599 2558 surrt,
626 2478 730 2558 prima
754 2480 830 2558 'pars
861 2495 932 2541 curn
956 2473 1101 2541 secunda'
1128 2495 1187 2557 per
1210 2483 1237 2540 et
1259 2481 1310 2541 est
1333 2496 1408 2544 cou-

243 2576 366 2656 iuncta,
394 2576 536 2655 reliquae
560 2571 732 2646 ἀσυνδέτως
759 2579 834 2638 suut
860 2574 998 2638 additae.
1043 2574 1106 2638 lb:
1136 2577 1167 2636 Si
1190 2581 1323 2652 poteris,
1352 2580 1406 2638 sub

243 2677 345 2735 radice
369 2676 477 2734 montis
501 2676 568 2747 siet,
590 2677 621 2732 in
637 2675 791 2734 meridiem
808 2679 936 2748 spectet,
960 2676 1027 2733 loco
1050 2675 1176 2741 salubri,
1200 2676 1408 2748 operariorum

244 2773 331 2846 copia
359 2773 433 2840 siet,
470 2772 636 2846 bonumque
671 2772 840 2846 aquarium,
872 2771 1012 2846 oppidum
1046 2773 1175 2831 validum
1207 2789 1301 2847 prope
1337 2775 1406 2832 siet

243 2865 278 2931 0.
310 2873 341 2931 2:
375 2869 522 2944 postridie
551 2871 614 2928 eius
646 2867 705 2928 diei
726 2868 852 2930 *vilicum
884 2873 980 2935 uocet,
1013 2873 1096 2941 repet
1125 2869 1196 2944 quid
1223 2871 1323 2944 operis
1350 2870 1410 2928 siet

243 2967 369 3044 focam,
392 2967 464 3040 cccc
485 2971 580 3028 restat.
627 2963 688 3029 lb.:
719 2966 802 3025 Dicit
831 2967 934 3026 vilicus
960 2967 1063 3026 sedulo
1087 2983 1119 3026 se
1143 2965 1269 3042 fecisse,
1301 2983 1405 3028 servos

243 3082 300 3129 non
331 3068 475 3139 valuisse,
510 3072 706 3140 tempestates
736 3065 831 3124 malas
856 3065 966 3139 fuisse,
1001 3080 1103 3124 servos
1127 3063 1297 3142 aufugisse,
1330 3079 1406 3138 opus

242 3169 393 3244 publicum
416 3165 562 3224 effecisse.
598 3155 631 3224 C.
656 3165 689 3224 3:
720 3162 839 3222 Patrem
867 3159 998 3220 familiae
1022 3163 1122 3221 villam
1152 3163 1296 3220 rusticam
1323 3163 1403 3222 bene

244 3265 430 3326 aedificatam
447 3263 558 3322 habere
575 3260 707 3334 expedit,
725 3261 832 3318 cellam
852 3260 1005 3336 oleariam,
1029 3259 1181 3326 vinariam,
1204 3259 1284 3319 dolia
1299 3261 1404 3332 multa,

243 3364 287 3422 uti
310 3362 413 3420 lubeat
436 3360 592 3418 caritatem
620 3364 810 3430 exspectare,
838 3359 867 3417 et
892 3356 938 3414 rei
960 3359 988 3414 et
1008 3355 1116 3415 obtati
1144 3359 1173 3414 et
1193 3355 1308 3429 abrica
1338 3357 1405 3418 erit.

243 3456 309 3524 Ib.:
332 3459 364 3516 Si
385 3457 416 3515 in
439 3463 521 3516 terra
544 3463 575 3514 et
596 3455 732 3514 tabulato
756 3455 824 3514 olea
846 3454 966 3512 nimium
984 3447 1033 3514 diu
1057 3455 1124 3526 erit,
1141 3457 1282 3531 patescet,
1307 3454 1405 3513 oleum

243 3554 387 3629 soracum
413 3554 471 3627 fiet.
515 3550 550 3615 Ο.
573 3557 609 3614 4:
637 3553 778 3612 libentius
807 3557 838 3612 et
866 3553 985 3626 saepius
1014 3552 1133 3625 venies,
1162 3551 1271 3612 fundus
1297 3555 1407 3612 melior

242 3654 313 3728 erit,
337 3654 432 3712 minus
455 3651 643 3727 peccabitur,
675 3648 769 3709 fructi·
789 3651 857 3724 plus
881 3650 991 3722 capies.
1036 3644 1071 3709 (l.
1095 3649 1128 3710 ὃς
1159 3639 1304 3708 Familiae
1327 3651 1405 3708 male

242 3765 281 3810 ne
306 3751 362 3827 sit,
385 3765 422 3808 ne
446 3741 562 3824 algeat,
586 3765 622 3808 ne
646 3749 769 3820 esuriat,
793 3762 884 3821 opere
907 3746 983 3805 bene
1007 3753 1160 3821 exerceat,
1184 3745 1302 3805 facilius
1325 3748 1406 3813 melo

244 3854 276 3908 ct
306 3848 403 3907 alieno
432 3846 612 3922 prohibebit.
657 3841 692 3906 C.
716 3846 752 3906 6:
778 3846 861 3918 Ager
889 3845 970 3905 oleto
993 3845 1197 3916 conseruudo,
1226 3844 1277 3918 qui
1306 3845 1334 3902 in
1363 3873 1407 3886 -

245 3945 408 4006 Favonium
431 3943 594 4018 spectabit,
617 3945 758 4004 -alim
786 3943 882 4002 bonus
910 3943 1011 4001 nullus
1032 3943 1105 4010 erit,
1137 3937 1192 4002 ubi
1221 3943 1296 4018 post
1326 3942 1407 4000 otios

243 4039 404 4120 interponi
427 4038 584 4119 potuisset
605 4043 712 4100 coam.
758 4035 793 4100 Ο.
817 4041 850 4118 7:
875 4039 964 4099 Oleas
987 4039 1129 4107 orchites,
1152 4039 1261 4112 posiae.
1308 4033 1343 4100 C.
1368 4040 1404 4098 8:

239 4139 403 4202 'Africanas
424 4139 672 4210 sanctonicum,
689 4137 883 4212 Saguntinas,
906 4137 1062 4210 hibernae,
1083 4135 1211 4196 Telanas
1225 4139 1310 4196 ¹atras
1326 4137 1405 4198 cett.
