3036 4766
244 184 306 244 340
529 177 591 217 CAP.
606 177 651 217 xV.
686 175 830 216 nocuerat
859 174 1106 216 uuuuelfflouuu.

242 383 309 442 qne,
333 371 366 425 ut
388 368 470 442 virgo
502 368 539 427 ab
563 383 594 427 se
616 369 734 440 integra
756 365 846 424 ettam
874 372 935 426 tum
965 367 1032 428 siet.
1077 363 1193 427 Heaut.
1218 362 1263 441 Il,
1292 369 1325 443 J,
1353 367 1405 426 17:

243 481 339 538 neque
362 464 451 523 etium
474 466 541 525 dnm
566 465 625 524 soit
646 469 743 538 pater.
769 460 822 540 (de
844 463 934 524 etium
955 465 1025 524 dum
1055 462 1126 527 vido
1156 461 1189 524 iu
1212 456 1405 524 universum

244 558 346 624 Hand.
381 577 411 639 p.
442 564 503 624 322
532 563 604 638 sq).
641 557 775 638 Adelph.
804 558 867 639 III,
902 564 934 638 3,
966 565 1024 624 91:
1060 563 1159 622 vivere
1194 562 1291 618 etiam
1329 577 1405 619 nunc

242 661 333 719 lubet.
458 679 461 684 ’

327 753 357 818 b.
414 753 450 817 ln
479 752 645 834 colloquiis
674 772 770 835 saepe
806 755 885 820 haee
917 754 1074 840 particula
1109 761 1293 833 usurpatur
1335 773 1406 819 cum

241 851 354 917 leviori
376 852 416 930 vi,
439 857 476 917 ut
497 852 568 916 Ter.
593 851 652 916 Ad.
676 850 719 932 ΙΙ,
747 859 771 929 l,
796 859 851 918 34:
883 857 966 916 Leno
990 873 1069 928 sum,
1092 858 1242 930 pernicies
1267 870 1406 915 eommu-

242 955 298 1022 nis,
322 951 428 1026 faleor,
452 953 697 1026 adulescentium,
721 953 872 1026 Perinrus,
895 955 1005 1028 pestis:
1029 959 1128 1013 tamen
1151 953 1240 1013 tibia
1261 971 1314 1014 me
1341 956 1406 1013 nul-

242 1054 301 1111 last
324 1057 389 1110 orta
412 1051 529 1109 iniuria.
574 1048 640 1112 ΑΕ.
665 1052 740 1111 Nam
763 1051 865 1111 hercle
889 1052 978 1109 etiam
1000 1051 1056 1110 hoo
1079 1057 1183 1112 restat.

320 1165 352 1210 e.
383 1144 421 1208 In
442 1145 647 1210 numerandis
670 1145 767 1210 rebus
790 1150 879 1208 ettam
902 1146 941 1210 de
965 1145 1137 1223 codicum,
1160 1147 1250 1226 quod.
1262 1165 1406 1214 numero

241 1244 383 1310 additur:
407 1247 497 1304 etium
518 1263 610 1306 ouum
633 1243 652 1306 i.
677 1262 703 1308 e.
727 1243 799 1324 nort
825 1241 902 1308 rint.
926 1245 996 1309 Ter.
1021 1245 1101 1308 Eun.
1123 1243 1160 1320 V,
1177 1249 1207 1324 8,
1223 1251 1282 1311 54:
1307 1267 1406 1310 eoam

240 1347 330 1405 etiam
353 1345 409 1404 hoo
432 1361 483 1405 voa
507 1362 569 1413 oro,
591 1349 624 1404 ut
646 1345 720 1407 cett.

327 1439 356 1504 d.
404 1438 650 1519 Coniunguntur
672 1440 771 1505 verba
794 1444 884 1502 ettam
906 1444 1037 1516 insuper.
1068 1439 1193 1504 Terent.
1219 1442 1277 1506 Ad.
1302 1441 1349 1519 Il,
1374 1447 1403 1520 2,

241 1544 298 1604 38:
322 1543 428 1602 Etiam
449 1540 573 1612 iusuper
596 1529 754 1600 defrudet?
1292 1616 1295 1624 ,

269 1659 272 1662 ·
327 1655 353 1701 e.
400 1640 476 1696 Tam
507 1635 601 1714 (quod
625 1639 674 1700 est
703 1653 761 1716 pro
789 1637 896 1712 tameo)
928 1638 1017 1697 ettam
1045 1634 1206 1700 invenitur
1231 1635 1265 1699 in
1297 1635 1401 1701 Naev.

240 1734 278 1799 ir.
301 1733 461 1809 incleom.
487 1737 540 1796 23:
638 1736 708 1810 quid
732 1737 758 1796 si
780 1736 904 1796 taceas?
933 1737 1000 1796 dum
1022 1742 1052 1796 te
1075 1735 1190 1808 videat,
1218 1739 1283 1794 'tom
1308 1739 1401 1797 etiem

241 1836 326 1906 sciat,
352 1833 428 1906 Quid
452 1833 594 1905 seriptum
619 1834 665 1895 sit.

221 1937 226 1945 “
326 1928 345 1992 f.
390 1927 439 1992 Ex
460 1926 521 2006 his,
544 1927 688 2007 quaeda
710 1928 860 2008 primaria
883 1925 1113 2008 significatione
1126 1929 1276 2007 diximus,
1301 1926 1397 1992 facile

174 2083 198 2093 .,
240 2025 417 2106 colligitur,
446 2024 603 2104 quomodo
631 2045 743 2102 quoque
778 2031 811 2091 et
833 2030 919 2088 etium
946 2027 1030 2090 inter
1059 2043 1096 2090 se
1121 2019 1278 2090 differant.
1327 2027 1397 2090 Hoc

241 2123 323 2187 enim
346 2121 475 2203 proprie
505 2140 568 2186 non
598 2123 714 2188 dicitur
736 2123 775 2188 de
805 2124 901 2188 rebus
924 2124 1114 2202 aequandis,
1142 2125 1209 2187 s'ive
1232 2125 1331 2188 dere
1354 2124 1395 2186 ob

240 2220 467 2301 aequalitatem
490 2238 562 2285 eum
583 2219 647 2284 alia
670 2221 904 2302 componenda,
935 2239 993 2284 nee
1023 2219 1181 2302 significat
1206 2224 1285 2286 trem.
1331 2221 1394 2285 Sed
1478 2213 1479 2232 ³

241 2324 277 2384 ut
299 2318 358 2382 hoe
382 2317 583 2398 designetur,
619 2319 736 2384 dieitur
765 2337 894 2398 quoque,
929 2322 962 2381 et
992 2318 1044 2382 ubi
1075 2319 1209 2397 aequale
1237 2312 1394 2396 adiicitur,

238 2419 327 2478 etiam
349 2434 460 2491 quoque
483 2417 549 2482 sive
572 2436 686 2492 quoque
707 2419 804 2480 ettam.
849 2417 887 2479 In
909 2419 998 2478 ettam
1025 2417 1109 2480 inest
1131 2416 1182 2479 vel
1204 2416 1393 2482 accessionis

239 2512 291 2578 vel
314 2511 568 2593 amplificationis
590 2515 749 2580 indicium.
793 2514 876 2578 Nam
905 2518 942 2578 ut
969 2533 1080 2588 quoque
1110 2517 1280 2578 estendam
1301 2516 1392 2592 modo,

239 2611 284 2675 ita
306 2615 396 2674 ettam
418 2609 578 2690 significat
600 2631 662 2676 ooo
683 2615 782 2674 mous
804 2615 858 2674 looe
879 2631 967 2686 qoam
989 2615 1075 2674 illud.
1119 2611 1225 2676 Plana
1242 2612 1356 2692 Amph.
1368 2611 1392 2689 Ι,
1478 2639 1479 2642 ¹

241 2715 269 2780 1,
294 2715 371 2774 305:
396 2711 462 2768 Nisi
485 2712 574 2768 ettam
596 2714 621 2770 is
646 2727 757 2784 quoque
779 2729 826 2771 me
848 2713 1006 2784 ignorabit.
1042 2707 1084 2787 ll,
1110 2714 1137 2787 2,
1162 2713 1219 2774 70:
1243 2713 1391 2772 mecam

239 2824 359 2882 quoque.
405 2805 490 2869 Asin.
514 2804 561 2884 II,
583 2810 618 2884 4,
643 2813 700 2872 95:
725 2812 822 2884 Atque
845 2811 934 2870 etiam
957 2817 988 2869 tu
1012 2825 1126 2888 qaoque
1148 2811 1213 2884 ipse
1239 2811 1313 2872 cett
1338 2805 1391 2884 HI,

239 2909 268 2973 2,
292 2909 346 2966 21:
370 2907 479 2964 Verum
503 2907 612 2980 edepol
634 2907 723 2966 ettam
746 2914 798 2966 tua
820 2922 932 2979 quoque
954 2909 1031 2966 male
1054 2905 1136 2967 laeta
1152 2909 1227 2970 cett.
1245 2903 1339 2967 Most.
1355 2902 1390 2977 V,

241 3006 273 3080 1,
298 3005 352 3064 61;
388 3004 479 3063 Immo
506 3004 594 3062 etium
617 3005 772 3064 cerebrum
803 3021 915 3077 quoque
942 3021 1027 3064 omne
1056 3021 1073 3063 e
1104 3005 1203 3078 capite
1235 3003 1391 3063 emunxisti

235 3119 309 3161 meo.
355 3099 470 3162 Pseud.
493 3098 518 3178 I,
545 3103 578 3176 l,
602 3103 657 3162 20:
682 3102 807 3162 Pietatis
831 3119 937 3162 caussa
959 3104 1006 3163 vel
1029 3103 1117 3161 etium
1132 3108 1257 3162 matrem
1274 3115 1388 3174 quoque.

238 3202 267 3274 3,
293 3201 428 3276 llsssq.:
458 3199 616 3259 Iuravistin
644 3203 673 3258 te
702 3199 782 3257 illam
806 3203 879 3260 nulli
902 3202 1090 3261 venditurum
1103 3193 1168 3259 'nisi
1191 3197 1284 3257 mihi?
1328 3195 1388 3260 BA.

238 3295 359 3355 Fateor.
408 3292 471 3359 CA.
506 3298 620 3369 Nempe
652 3299 804 3369 conceptis
835 3297 956 3359 verbis?
984 3295 1075 3359 ⁴BA.
1111 3296 1215 3358 Etiam
1250 3296 1387 3355 consultis

239 3407 360 3462 quoque.
391 3389 440 3455 De
463 3411 575 3468 quoque
591 3395 680 3452 ettam
702 3389 836 3472 Lingius
859 3397 981 3471 quaest.
1005 3393 1108 3456 Plaut.
1121 3411 1150 3472 p.
1169 3395 1223 3454 65:
1249 3405 1388 3470 „semper

239 3485 382 3550 subiecto
410 3487 558 3554 adiicitur
585 3475 672 3552 nul'lo
702 3487 799 3552 verbo
836 3488 1091 3554 intercedente.“
1146 3486 1250 3552 Plaut.
1281 3485 1385 3566 Amph.

230 3582 317 3661 prol.
343 3602 371 3650 v.
389 3589 443 3650 30:
466 3589 565 3672 Atque
581 3606 635 3663 ego
658 3603 770 3661 quoque
792 3589 889 3669 etiem,
913 3591 963 3664 qni
985 3590 1062 3650 lovis
1086 3605 1149 3648 sum
1171 3587 1260 3648 filius.
1293 3603 1319 3649 v.
1333 3588 1384 3646 8l:

238 3683 303 3741 Hoc
326 3699 437 3756 quoque
459 3685 547 3744 dium
569 3686 641 3744 mihi
659 3683 741 3761 [ille]
763 3686 794 3744 in
818 3686 964 3747 mandatis
988 3686 1080 3748 dedit.
1111 3683 1136 3762 Ι,
1163 3687 1189 3761 l,
1217 3687 1294 3746 125:
1317 3685 1382 3740 llam

237 3794 348 3851 quoque
382 3780 488 3855 edepol
522 3784 611 3842 otium
641 3780 916 3860 cett.11‚2‚eo.
943 3787 1011 3846 121.
1046 3780 1132 3844 Asin.
1156 3779 1186 3858 1,
1212 3785 1246 3857 3,
1271 3783 1325 3843 32;
1357 3783 1382 3836 et

237 3893 350 3950 quoque
373 3878 472 3937 'etiam
503 3882 578 3942 cett.
593 3877 698 3958 Epid.
722 3877 771 3954 II,
795 3882 828 3954 2,
853 3883 908 3942 5οε
941 3881 1014 3942 Cani
1041 3897 1153 3953 quoque
1180 3879 1270 3938 etium
1293 3879 1379 3936 adem·

236 3981 488 4048 plumat-nomen.
533 3974 589 4056 IV,
612 3981 645 4056 2,
673 3981 724 4040 19;
752 3979 838 4037 Hane
866 3994 981 4051 quoque
1009 3979 1113 4047 etiam,
1143 3979 1168 4036 si
1189 3994 1235 4035 me
1260 3975 1378 4049 adpellet

237 4073 337 4146 filiam,
362 4079 485 4134 matrem
508 4091 621 4137 vocem.
657 4072 851 4138 Menaechm.
875 4071 914 4151 V,
938 4079 967 4151 9,
991 4076 1045 4138 98:
1059 4076 1151 4146 ,Uxor
1173 4089 1284 4147 qaoque
1301 4072 1401 4128 edom.

236 4173 376 4230 vaenibit.
421 4168 518 4235 Mero·
548 4169 596 4244 ΙΙ,
619 4174 653 4249 2,
677 4173 726 4235 28.
755 4175 810 4235 56:
847 4175 924 4246 Quin
957 4175 1029 4232 mihi
1061 4189 1172 4245 qaoque
1201 4172 1316 4231 etiamst
1345 4162 1375 4223 od
