3090 4768
507 209 547 250 nit
561 209 691 251 sonions
706 211 801 250 vaani.
817 229 842 240 ·-·
856 211 993 252 acuuuuu.
1287 217 1325 278 13

168 397 229 479 III,
253 404 282 476 2,
304 403 337 464 3:
361 403 447 462 Nunc
469 403 596 476 primum
619 401 667 462 fac
690 403 749 463 ista
771 407 804 462 ut
826 399 910 463 locet.
955 400 1036 464 Eun.
1061 397 1120 476 111,
1145 404 1173 478 5,
1197 405 1238 464 44
1262 415 1324 479 sq.:

170 503 339 562 arcessitur
362 501 495 560 locatam
517 501 634 562 Interea
657 501 760 575 virgea
776 503 825 576 Iit,
849 502 931 562 lectt.
975 515 1005 560 v.
1028 503 1068 562 47
1092 512 1151 576 sq.:
1175 501 1325 560 ventulum
1362 577 1364 580 Ι

168 600 238 658 huic
260 600 305 658 sio
328 596 429 671 facito,
453 599 521 661 dum
544 599 698 660 locuntur:
722 599 781 660 Ubi
796 617 849 660 uos
865 599 1032 673 taceamne,
1056 599 1083 657 si
1097 599 1189 670 voles,
1213 597 1321 656 locuto.

167 692 272 758 Plaut.
297 692 364 756 Mil.
387 691 429 770 ΙΙ,
447 697 476 774 6,
495 698 568 760 100:
597 699 673 758 Dum
696 699 771 758 haec
795 698 997 758 consilescunt
1020 696 1125 755 turbae
1148 701 1238 770 utque
1260 697 1324 755 irae

169 795 292 861 eareat,
326 790 366 856 ad
398 807 428 870 q.
457 791 478 854 l.
513 791 659 857 Taubm.:
709 793 768 872 ,,Α.
800 789 922 858 Gellius
956 791 976 855 l.
1005 789 1124 870 XVIII,
1163 797 1202 854 12
1229 790 1324 855 docet

167 890 201 955 id
238 905 365 968 quoque
400 887 545 954 habitum
578 891 612 954 in
645 891 788 956 oratione
820 888 968 954 facienda
1001 888 1179 969 elegantiae
1213 905 1323 968 genus,

167 994 206 1054 ut
233 1005 292 1068 pro
319 986 427 1052 verbis
454 985 646 1054 habentibus
675 989 816 1068 patiendi
845 985 980 1068 figuram
1009 983 1138 1066 agentia
1160 993 1324 1066 ponerent,

166 1104 206 1152 ac
236 1085 351 1151 deinde
381 1086 449 1150 vice
483 1103 577 1151 versa
608 1083 687 1151 haec
714 1086 799 1151 inter
826 1105 860 1151 se
889 1089 1000 1148 mutua
1026 1088 1197 1148 verterent.
1251 1082 1322 1148 Cas.

165 1183 210 1263 II,
242 1189 271 1261 3,
301 1188 357 1248 30:
391 1187 473 1254 vide,
506 1187 660 1260 palliolum
693 1193 725 1246 ut
758 1182 876 1261 rapaci
927 1183 968 1246 Et
999 1181 1161 1246 Liudem.:
1208 1181 1323 1259 „Ratio

165 1280 249 1364 (eius
279 1281 341 1362 rei,
368 1281 452 1362 quod
480 1281 577 1346 verba
604 1281 708 1346 activa
734 1281 934 1346 iutransItive
963 1284 1133 1360 ponantur)
1167 1281 1323 1360 estquod

164 1397 219 1444 res
253 1381 378 1460 patiens
413 1381 523 1446 eadem
551 1384 584 1444 et
614 1399 728 1446 caussa
757 1377 907 1458 efficiens,
942 1397 1041 1459 agens
1072 1379 1241 1458 cogitatur,
1272 1377 1323 1443 uel

164 1484 254 1544 certe
292 1478 395 1542 altere.
430 1477 470 1542 ab
514 1476 618 1542 altera
654 1478 847 1559 cogitatibus
884 1494 947 1541 non
984 1477 1062 1543 satis
1100 1476 1322 1542 dIsceruitur.“

165 1574 282 1655 Amph.
306 1576 347 1653 ΙΙ,
371 1581 400 1653 2,
425 1581 480 1641 73:
504 1579 535 1638 Si
558 1595 734 1656 opsequare,
758 1597 816 1639 una
837 1579 967 1638 resolues
989 1581 1087 1652 plaga,
1110 1573 1139 1638 h.
1157 1593 1183 1638 e.
1207 1574 1323 1639 libera·

163 1673 217 1740 bis
248 1681 289 1740 te.
336 1674 417 1740 Ruu.
445 1673 488 1753 ΙΙ,
517 1679 545 1751 7,
576 1678 629 1737 12:
679 1677 763 1737 Intro
789 1693 928 1750 rumpam
958 1677 1016 1736 iam
1044 1677 1121 1738 huc:
1160 1675 1208 1740 De
1236 1693 1324 1736 ruere

164 1791 197 1838 v.
230 1773 333 1838 Senot.
364 1771 438 1838 Min.
468 1790 499 1852 p.
529 1776 600 1850 379,
634 1773 719 1852 quod
748 1771 899 1837 reflexiva
925 1769 1155 1852 significatione
1185 1772 1322 1852 positum

165 1875 218 1936 est
245 1887 265 1934 a
291 1870 440 1936 Terentio
467 1869 585 1935 Heaut.
614 1869 669 1950 IV,
698 1875 727 1950 3,
756 1877 810 1934 41:
839 1873 909 1949 quid
938 1875 963 1932 si
996 1889 1072 1932 nunc
1100 1874 1215 1932 caelum
1244 1877 1323 1940 ruat,

165 1968 199 2032 iu
223 1969 406 2048 compositis
429 1975 537 2034 autem
560 1987 687 2048 semper
710 1969 817 2033 addito
840 1967 1031 2046 accusativo,
1054 1973 1092 2033 ut
1113 1967 1216 2033 Plaut.
1240 1968 1321 2034 Rud.

164 2065 209 2146 ΙΙ,
242 2071 270 2144 6,
301 2070 340 2132 58
370 2087 515 2131 conruere
542 2101 584 2114 ’-
615 2069 715 2143 (litias,
744 2066 871 2132 Terent.
900 2065 980 2130 Eun.
1010 2066 1069 2146 ΙΙΙ,
1098 2074 1126 2146 5,
1156 2072 1211 2132 51:
1241 2069 1322 2131 foras

165 2169 255 2228 simul
283 2185 384 2228 omnes
406 2173 556 2243 proruant
583 2187 622 2231 ae.
667 2163 802 2245 Adelph.
824 2165 881 2243 IV,
906 2170 933 2244 2,
961 2170 1012 2229 ll:
1040 2169 1106 2228 vide
1131 2187 1167 2228 ne
1190 2170 1242 2228 ille
1265 2171 1322 2229 huc

166 2283 291 2340 prorsus
308 2283 341 2326 sc
360 2266 474 2328 iurant.
520 2264 579 2344 ΙΙΙ,
604 2271 632 2338 2,
656 2269 712 2330 21:
738 2265 853 2328 Ceteros
874 2282 1000 2348 acerem,
1023 2283 1152 2341 agerem,
1173 2284 1321 2343 raperem,

165 2363 322 2423 tunderem
338 2371 369 2423 et
383 2371 614 2440 prosternerem.
652 2360 822 2426 Referebat
837 2360 898 2424 huc
913 2360 1009 2425 etiam
1025 2362 1156 2426 verbum
1171 2369 1326 2425 etreaocrc

165 2457 368 2538 Ladewiqus
398 2459 608 2525 iu-Zeitschr.
639 2459 660 2524 f.
692 2459 754 2525 Alt.
787 2463 878 2538 1842,
909 2477 938 2538 p.
967 2463 1047 2523 1080
1074 2459 1177 2524 Plaut.
1206 2461 1322 2525 Pseud.

164 2554 208 2634 Π,
233 2560 262 2633 2,
287 2561 336 2631 34,
362 2557 406 2621 ibi
427 2563 535 2623 minen
557 2557 750 2624 RitscheIIus
774 2557 916 2637 scripsit:
945 2560 1013 2620 dnm
1037 2565 1062 2619 te
1084 2565 1229 2622 strenuos.
1276 2559 1323 2624 De

163 2671 284 2730 sarpere
317 2674 346 2718 v.
381 2655 523 2720 Perizon.
557 2657 596 2720 ad
625 2656 728 2722 Sanct.
763 2675 791 2736 p.
821 2659 896 2720 387:
948 2657 1097 2736 „sarpere
1120 2656 1249 2738 proprie
1273 2661 1324 2721 est

164 2753 376 2832 transitivum,
421 2771 478 2834 pro
524 2755 701 2834 surrigere,
747 2754 804 2819 sed
846 2752 913 2818 lere
960 2773 1087 2836 semper
1123 2754 1323 2820 intransitive

162 2857 355 2930 usurpatur,
389 2856 426 2916 ut
459 2851 580 2917 Pseud:
610 2853 705 2934 prol:
762 2856 897 2930 Exporgi
927 2852 1049 2916 meliust
1082 2859 1197 2918 lumbos
1233 2865 1322 2931 atque

160 2947 336 3024 ccarpcre.“
396 2948 611 3016 Transitiuurn
657 2954 707 3014 est
735 2957 873 3028 'surgere
913 2951 1004 3031 Epid.
1052 2957 1148 3018 extr:
1192 2955 1323 3015 Lembos

159 3049 274 3122 carpite
305 3055 394 3124 atque
429 3052 573 3111 extollite.
624 3047 722 3113 Poeu.
751 3047 787 3118 V,
815 3054 845 3119 4,
878 3053 909 3113 9:
945 3051 1023 3126 quod
1054 3053 1171 3128 quidem
1199 3054 1237 3113 ad
1267 3071 1321 3112 nos

160 3149 221 3208 duo
259 3147 388 3208 aulacia
434 3143 498 3209 Mil.
534 3145 576 3225 ΙΙ,
612 3153 640 3226 5,
675 3151 729 3210 58:
779 3149 874 3209 Nimis
908 3150 998 3222 beat,
1036 3151 1115 3225 quod
1148 3156 1322 3211 conmeatus

160 3247 323 3306 traastt'eet
355 3251 438 3307 mans
472 3248 635 3322 parietem,
671 3244 711 3308 ad
742 3259 772 3324 q.
795 3244 814 3308 l.
844 3244 1004 3311 Lindum:
1049 3250 1245 3327 „Trcasttmct
1275 3245 1321 3310 iu-

158 3341 332 3406 transitivo
370 3359 479 3422 sensu,
516 3347 553 3406 ut
589 3343 738 3423 pertinet.
798 3342 857 3407 Est
893 3348 999 3408 autem
1038 3348 1216 3408 causabere
1249 3363 1322 3425 per·

159 3441 266 3504 tinere
290 3443 380 3503 trans
403 3438 532 3521 alicuid,
554 3440 583 3506 h.
607 3461 634 3505 e.
659 3441 845 3520 continuari,
869 3458 932 3505 uno
955 3449 1067 3506 tenore
1083 3444 1228 3523 perduci:
1271 3441 1321 3508 SIc

159 3537 223 3603 urci
249 3537 367 3618 possit:
400 3556 479 3618 pons
514 3539 685 3603 traustInet
714 3538 962 3614 transflumen,
1000 3539 1029 3605 h.
1059 3559 1085 3605 e.
1116 3544 1156 3622 acl
1187 3541 1319 3606 alteram

158 3636 266 3715 ripam
297 3637 466 3720 continuus
496 3642 553 3701 est.
604 3636 723 3702 Eadem
754 3634 820 3702 iere
855 3639 1013 3703 sententia
1045 3644 1193 3704 coctimrc
1220 3637 1318 3704 Stich.

157 3733 221 3812 III,
259 3739 285 3804 l,
319 3739 374 3797 44:
431 3738 488 3796 Per
525 3738 643 3798 hortum
680 3745 805 3813 utroque
843 3745 1016 3801 conmeatus
1053 3743 1188 3817 emanet,
1226 3737 1256 3801 h.
1291 3755 1319 3802 e.

158 3832 376 3899 continuatur.
442 3829 494 3896 Sic
530 3838 618 3897 recte
655 3831 843 3898 Gronovius.
904 3835 1008 3916 Igitur
1044 3839 1202 3900 amoenet
1237 3833 1320 3898 bans

151 3935 302 4010 parietem
331 3934 396 3994 est:
432 3929 603 3995 transitum
632 3931 764 4012 praebet
791 3949 848 4011 per
871 3933 1055 4012 parietem.“
1101 3933 1214 4015 Amph.
1239 3934 1264 4012 Ι,
1291 3939 1318 4010 l,

158 4035 217 4096 95:
275 4031 463 4092 Vortmetibue
496 4032 633 4093 TeleboIs
678 4033 763 4093 telis‘
789 4035 1005 4108 conplebantur
1038 4053 1173 4111 corpora.
1230 4030 1317 4095 Asin.

160 4127 244 4209 prol.
267 4147 295 4191 v.
319 4130 355 4190 2:
402 4130 484 4202 Quae
513 4130 630 4205 quidem
657 4133 730 4191 mihi
757 4137 845 4206 atque
869 4133 952 4194 vobis
975 4149 1024 4193 res
1047 4137 1145 4193 certet
1167 4135 1252 4200 bene,
1275 4155 1318 4176 =

159 4243 198 4292 se
230 4230 347 4293 vortat.
399 4224 496 4290 Mero.
526 4224 569 4306 ΙΙ,
598 4231 627 4306 3,
655 4229 713 4292 97:
759 4231 823 4303 Quo
856 4230 991 4292 vertisti?
1036 4225 1102 4292 Mll.
1133 4227 1174 4306 ΙΙ,
1203 4230 1232 4304 2,
1263 4227 1317 4291 50:
