3076 4762
434 187 474 227 nn
489 187 586 229 monis.
600 203 627 218 -·
640 187 835 228 mmonmvua.
848 207 873 259 .'
888 185 978 239 oovtl·
1226 195 1284 258 123

126 379 211 440 Fieri
233 379 323 440 aredio
346 395 469 454 usquam
485 380 589 451 viduli,
612 380 697 453 quasi
712 380 781 454 palo
803 384 909 454 peetus
925 379 1042 440 tundor.
1065 375 1164 442 Stich.
1180 395 1208 440 v.
1228 379 1286 442 36:

126 477 174 539 An
197 477 350 549 indoles,
373 494 469 552 soror,
494 478 562 552 quie
584 478 634 536 Illi
656 495 738 536 sunm
761 476 891 538 officium
915 493 972 536 non
996 480 1115 550 colunt,
1137 478 1232 552 Quom
1254 483 1286 538 tn

127 580 210 638 mum
233 575 331 646 facis?
354 571 379 650 Ι,
406 576 434 652 2,
458 577 514 638 89;
537 576 623 634 Nunc
647 577 749 649 places
772 592 860 648 parom
883 582 965 634 recte
987 577 1145 638 rnanstras.
1176 579 1204 653 3,
1228 577 1285 638 90:

127 673 185 732 Hie
208 689 294 746 paeon
316 672 484 734 auctionem
500 673 701 746 praedicabas
716 677 894 748 pessumam.
918 669 1005 748 11,1,
1022 675 1075 736 29:
1100 675 1153 734 Set
1166 673 1287 734 tandem

129 787 214 844 quom
242 770 376 844 resopita.
401 767 460 848 IV,
487 773 521 844 l,
546 773 573 832 7.
598 767 681 832 Trin.
704 767 746 847 Π,
775 775 800 847 l,
827 773 881 832 16:
905 773 998 848 Quom
1021 774 1170 846 externplo
1194 769 1287 847 [eins]

130 871 219 932 seriis
242 869 400 942 perculsus
421 872 471 928 est.
495 864 553 942 ΙΙΙ,
578 870 607 944 2,
632 870 686 930 96;
718 871 816 944 Atque
847 871 974 945 aliquem
999 870 1035 928 ed
1064 885 1163 944 regem
1186 871 1216 930 in
1240 887 1288 930 ee·

128 969 225 1044 ginnm
241 962 355 1041 [piram]
379 983 447 1026 erus
463 983 495 1026 se
510 966 639 1026 conenit
653 984 743 1027 meua.
766 983 795 1028 v.
813 968 868 1029 99:
893 969 1021 1044 Egomet
1035 985 1122 1039 quom
1136 969 1288 1042 extemplo

129 1081 230 1128 mcum
254 1071 285 1124 et
307 1065 478 1142 pharetram
506 1065 545 1124 mi
579 1095 611 1104 -
642 1079 801 1136 sumpsero.
836 1061 928 1128 Truc.
958 1062 1039 1143 prol.
1069 1081 1097 1126 v·
1128 1069 1180 1126 1⁷:
1212 1053 1288 1124 Nam

130 1180 231 1224 omnes
253 1163 285 1222 id
307 1159 431 1234 iaciunt,
455 1179 541 1236 paam
565 1179 596 1222 oe
621 1163 712 1222 amani
729 1163 909 1234 lacllepact.
927 1159 952 1240 Ι,
971 1166 998 1238 l,
1016 1164 1073 1224 38:
1097 1165 1195 1236 Atque
1213 1161 1287 1222 haee

131 1263 262 1322 celamus
286 1260 395 1322 damna
415 1278 467 1320 nos
491 1260 647 1336 industrie,
671 1261 764 1335 Quem
786 1278 848 1318 rem
865 1259 1011 1336 fidemque
1035 1277 1147 1334 nosque
1172 1264 1288 1320 nosmet

123 1358 287 1432 padicius.
312 1375 341 1420 v.
365 1359 420 1420 46:
443 1375 530 1430 pacm
553 1358 667 1418 caletur
691 1374 835 1418 maxume.
860 1360 888 1431 2,
908 1360 967 1421 88:
991 1361 1055 1418 Hoc
1079 1357 1162 1416 nobis
1187 1358 1288 1416 vitium

128 1462 342 1527 munumumst,
374 1471 460 1528 quom
489 1463 731 1524 amaricatum
761 1457 899 1530 perimus.
932 1473 959 1518 v.
984 1458 1041 1518 89:
1070 1457 1168 1529 pelam
1198 1470 1285 1526 praem

125 1553 319 1614 mentiantur.
344 1548 386 1629 ΙΙ,
413 1555 440 1630 l,
465 1556 518 1616 32:
542 1571 597 1614 nea
622 1556 694 1614 satis
718 1556 899 1627 accipimus,
923 1557 996 1614 satis
1019 1571 1104 1626 parom
1128 1553 1288 1628 quodlicet,

129 1669 186 1712 non
210 1652 305 1710 habet.
329 1654 358 1726 4,
382 1636 415 1712 8':
440 1653 535 1724 Salve,
560 1634 657 1712 hicine
682 1653 768 1710 hodie
793 1669 892 1728 cerins,
917 1654 1012 1711 salvos
1035 1651 1288 1724 pnom'nduenie?

128 1763 158 1808 v.
183 1749 237 1810 29:
262 1750 371 1808 Verum
395 1755 561 1824 tempestas
583 1751 706 1809 memini·
726 1749 973 1823 praemonendam
997 1749 1067 1820 scit,
1091 1750 1193 1822 Quem.
1208 1751 1290 1808 inter

128 1863 182 1906 nos
211 1846 399 1908 suaderemus
429 1851 505 1908 alter
536 1849 633 1908 alteri.
667 1851 702 1922 5,
728 1851 762 1907 3:
794 1847 926 1922 Cumque
956 1865 1020 1906 eam
1052 1865 1113 1906 rem
1142 1848 1173 1906 in
1198 1846 1289 1906 eorde

130 1944 218 2016 cpite.
242 1945 270 2016 6,
296 1948 325 2006 7:
349 1945 415 2004 Non
438 1946 548 2019 placet,
572 1962 660 2016 pacm
675 1946 720 2004 illi
735 1947 802 2019 plns
819 1945 952 2014 landent,
977 1947 1026 2019 qul
1044 1947 1176 2020 andiunt,
1202 1962 1289 2018 quem

128 2043 179 2116 qui
202 2042 311 2102 vident.
336 2046 354 2103 7
364 2089 371 2116 ,
398 2045 452 2106 15:
476 2044 550 2104 haec
567 2043 649 2102 Fieri
672 2059 738 2102 eum
760 2043 842 2100 uideo
864 2039 922 2114 (sic
945 2036 1096 2119 Goeller,
1113 2039 1197 2119 vulg.
1216 2041 1288 2100 Cum

130 2139 216 2200 viden
239 2139 312 2199 lieri
338 2140 385 2216 Ap
416 2141 441 2200 si
464 2140 545 2214 fieri,
571 2139 652 2202 uncle
670 2139 789 2202 Pareus
813 2141 944 2198 siclleri
968 2138 1105 2218 scripsit.
1139 2138 1290 2203 Fortasse

129 2238 155 2300 si
179 2252 218 2298 ex
239 2234 341 2312 prima
361 2233 482 2315 syllaba
504 2237 590 2300 vocis
619 2239 686 2310 fieri
715 2243 817 2298 ortum
848 2239 919 2308 est).
943 2235 999 2313 IV,
1023 2241 1052 2312 2,
1076 2241 1132 2300 20:
1162 2240 1232 2299 Plus
1256 2255 1290 2298 ee

130 2335 208 2392 enim
236 2335 439 2408 intromissus,
475 2352 562 2408 qaam
588 2335 690 2394 dabas.
719 2332 823 2397 Plaut.
857 2335 969 2411 fragm.
1006 2349 1035 2411 p.
1064 2337 1143 2412 485,
1169 2352 1198 2397 v.
1232 2340 1288 2397 31:

133 2431 225 2504 Quam
251 2429 339 2490 iollas
362 2436 471 2494 taurini
495 2435 620 2509 hebent,
650 2451 737 2506 quom
764 2435 928 2506 liquescunt
952 2439 1071 2506 petrae,
1103 2433 1216 2492 ferrum
1239 2432 1290 2492 ubi

130 2533 172 2594 fit.
206 2549 236 2596 v.
269 2536 323 2596 38:
352 2536 508 2606 Nunquam
535 2533 571 2590 ad
601 2533 751 2590 civitatem
779 2532 919 2602 advenio,
949 2533 1007 2590 nisi
1037 2549 1124 2604 paam
1156 2531 1289 2602 infertur

129 2635 260 2706 peplum.
290 2628 435 2708 Aquilius
458 2627 591 2692 Boeotia
613 2626 649 2692 fr.
678 2633 703 2705 l,
728 2648 755 2692 v.
774 2631 806 2690 6:
833 2629 890 2688 Ubi
913 2629 961 2688 ubi
979 2632 1118 2688 monebat
1132 2646 1208 2702 esse,
1233 2629 1290 2688 nisi

129 2746 217 2801 quem
239 2731 281 2788 nil
303 2735 376 2788 erat.
405 2743 432 2790 v.
459 2731 494 2789 7:
529 2729 613 2788 Nunc
638 2731 726 2787 etiam
749 2737 837 2800 parom
860 2729 917 2798 est,
942 2745 1000 2788 non
1023 2736 1119 2798 estur,
1153 2728 1209 2786 nisi
1234 2727 1291 2786 soli

132 2826 226 2886 lubet.
250 2822 364 2890 caecil.
390 2825 468 2890 Stat.
494 2822 697 2888 Obolostates
720 2823 756 2888 fr.
784 2829 813 2886 l:
838 2843 914 2882 iruna
938 2826 1014 2882 enim
1039 2843 1110 2886 vero
1133 2830 1193 2896 est,
1224 2840 1292 2884 eam

130 2942 215 2992 meae
249 2927 338 2985 morti
366 2925 525 2984 remedium
555 2923 708 2996 Reperibit
738 2941 830 2982 nemo.
868 2920 1008 2983 Plocium
1036 2919 1073 2983 fr.
1098 2927 1132 2998 9,
1158 2939 1190 2984 v,
1214 2926 1289 2985 174:
1364 2983 1365 2986 ,

132 3039 197 3082 cum
215 3021 346 3084 aduenis.
371 3019 481 3084 Titthe
502 3017 539 3082 fr.
556 3026 590 3082 4:
615 3030 703 3094 atque
721 3022 821 3080 hercle
839 3021 991 3092 Urrasque
1011 3015 1051 3088 (h.
1071 3036 1098 3082 e.
1117 3015 1289 3093 utrimque)

130 3125 180 3192 te,
210 3137 275 3182 eam
304 3120 342 3180 nil
370 3138 423 3180 uos
445 3120 541 3187 uenis,
565 3117 795 3179 subfarcinatam
829 3118 896 3176 vidi.
930 3113 1057 3178 Terent.
1082 3115 1180 3178 Andr.
1208 3112 1291 3193 prole

131 3231 159 3278 v.
189 3219 222 3278 l:
248 3218 342 3278 Petite
364 3233 455 3290 quom
476 3220 751 3292 primumanimum
776 3217 811 3273 ad
837 3215 1025 3274 scribendum
1042 3215 1164 3289 adpetiit.
1188 3231 1216 3276 v.
1240 3216 1291 3274 18:

134 3315 192 3386 Qui
214 3332 301 3387 quom
324 3316 402 3376 hune
424 3319 570 3384 masaia
593 3316 735 3373 Naevium
753 3343 791 3356 -··
809 3317 970 3372 accusant.
996 3311 1020 3390 Ι,
1041 3318 1065 3390 l,
1093 3316 1168 3375 125:
1193 3314 1290 3386 Prope

131 3413 228 3488 adest,
252 3429 338 3484 pacm
361 3415 459 3472 alieno
488 3429 570 3472 more
594 3413 778 3472 vivendnmst
799 3412 883 3482 mihi,
907 3428 935 3473 v.
959 3407 1054 3473 Herz.
1081 3409 1122 3474 ad
1146 3407 1237 3472 Caes.
1261 3423 1292 3486 p.

134 3513 204 3588 156,
229 3511 266 3573 ci
290 3496 446 3587 Eunlssl,
464 3515 494 3586 5,
511 3513 545 3571 3:
568 3511 654 3569 Nunc
676 3515 723 3570 est
745 3509 890 3584 proiecto,
914 3509 1044 3570 interfici
1067 3526 1155 3582 qaam
1174 3507 1295 3584 perpeti

130 3627 176 3668 me
196 3625 326 3682 possam.
373 3605 449 3672 Hec.
473 3604 527 3682 IV,
554 3610 581 3683 1,
605 3608 662 3668 28;
687 3615 718 3664 ct
733 3609 782 3680 pol
800 3609 857 3666 iem
875 3609 989 3682 ederlt,
1012 3625 1043 3668 se
1060 3625 1176 3682 quoque
1200 3607 1294 3666 etiam

131 3725 219 3782 wear
240 3707 343 3769 oderit.
367 3703 465 3768 Andr.
489 3702 530 3779 ΙΙ,
557 3708 583 3781 l,
609 3708 641 3765 9:
667 3705 770 3774 Facile
794 3719 906 3777 omnes,
930 3722 1018 3778 unam
1039 3706 1180 3778 calamae,
1205 3709 1291 3766 reeta

132 3808 258 3868 consiliu
281 3806 410 3880 aegrotis
434 3803 546 3864 damus.
572 3807 601 3879 2,
626 3805 680 3862 25;
703 3803 796 3876 Quem
819 3806 888 3863 illoc
912 3803 1044 3876 annania,
1069 3805 1198 3862 solitudo
1222 3812 1294 3864 ente

131 3908 248 3968 ostium
274 3900 332 3979 ΙΙΙ,
357 3906 384 3978 2,
410 3906 464 3964 37:
489 3903 566 3974 Quin
589 3899 658 3958 als?
681 3916 767 3971 qnam
788 3901 975 3960 intellexeras
1005 3900 1038 3958 ld
1063 3903 1217 3962 eonsilium
1242 3918 1295 3962 ca·

133 4021 214 4082 pere,
239 4021 313 4078 quer
337 4020 395 4062 uon
418 4001 492 4060 dixti
515 3991 665 4072 ext'emplc
689 3999 865 4072 Pamphilo?
895 3996 955 4074 ΙΙΙ,
980 4001 1008 4075 3,
1030 4003 1081 4064 13:
1106 4001 1203 4058 Alium
1229 4015 1297 4060 esse

131 4119 236 4166 censes
266 4119 344 4162 nuuc
379 4117 424 4160 me
455 4106 543 4171 atque
573 4097 762 4180 oliquacm
784 4097 915 4156 dabam?
944 4094 988 4171 V,
1015 4099 1042 4169 l,
1066 4099 1120 4158 20:
1144 4111 1230 4168 qnam
1252 4095 1295 4154 ibi

131 4217 174 4264 me
207 4202 317 4262 adesse
347 4207 453 4258 neuter
481 4203 542 4254 tunt
568 4200 786 4268 praesenserat.
815 4193 857 4271 V,
882 4199 915 4270 3,
942 4197 994 4256 12:
1026 4194 1112 4264 olim,
1142 4209 1230 4264 quom
1252 4192 1297 4250 ita
