3048 4770
531 177 640 220 muno.
660 179 928 224 sumtuosa-rivas.
1242 191 1305 253 263

145 366 187 432 ad
210 383 239 447 q.
262 366 282 432 i.
306 367 454 436 Tucim:
476 369 610 450 „Nonne
633 374 684 436 est
706 369 979 450 quoviscruciatu
1000 369 1198 452 dignissima,
1221 387 1305 454 quaa

145 461 321 545 inficietur,
356 467 442 548 quod
468 467 545 534 mihi
571 466 659 534 iussa
687 467 801 534 eati“⁴
831 468 924 534 Alius
957 469 1086 549 generis
1115 473 1165 534 est
1191 476 1305 553 amoc,

144 561 232 642 quod
264 562 383 646 legitur
414 563 529 631 Bacch.
561 565 617 639 IV,
641 570 676 646 2,
706 569 724 630 6
759 567 799 641 (v.
830 563 919 647 58·8):
960 569 1104 630 Urbane
1137 566 1244 648 ergoi,
1275 585 1304 632 v.

143 657 251 728 Haud.
273 680 307 743 p.
329 666 380 728 80.

211 759 262 826 d·
305 761 355 826 De
395 781 433 823 ne
465 760 614 843 apposito
653 761 820 842 particulis
855 762 1096 844 interrogativis
1132 783 1218 840 cum,
1257 782 1306 833 aaa

143 863 264 939 atram
286 858 364 926 item
386 860 428 925 de
448 879 486 922 aa
507 859 540 926 in
561 860 665 941 primo
687 861 830 928 membro
850 860 1113 943 interrogationis
1140 860 1306 928 disiuncti·

144 973 204 1020 vae
224 956 328 1037 posito
349 973 379 1021 v.
401 955 496 1023 inira·
540 997 547 1010 .
761 971 765 977 ⁴

231 1072 257 1120 e.
303 1053 366 1121 Ubi
389 1073 462 1120 cum
484 1055 703 1138 indignatione
725 1056 841 1138 aliquia
864 1055 1016 1129 miratur,
1047 1073 1240 1138 quemquam
1262 1056 1303 1123 de

143 1171 197 1229 re,
220 1170 302 1234 quae
325 1149 396 1218 fieri
418 1171 482 1219 non
504 1155 607 1235 possit
629 1160 771 1220 autnon
793 1153 924 1235 debeat,
948 1154 1043 1221 aliter
1065 1153 1201 1228 sentire,
1224 1154 1304 1220 haec

143 1249 314 1316 admiratio
341 1250 437 1317 simul
463 1253 652 1334 exprimitur
677 1252 867 1334 interposito
894 1252 1050 1319 vocabulo
1077 1259 1112 1316 ut
1135 1251 1249 1330 (Hand.
1273 1269 1305 1334 p.

144 1350 211 1425 83).
256 1347 383 1415 Dicitur
404 1368 424 1414 a
447 1348 598 1418 Terentio
621 1351 718 1417 etiam
741 1351 935 1418 coniunctim
964 1355 1041 1416 aaa.
1085 1351 1189 1416 Plaut.
1213 1351 1301 1416 Asin.

144 1447 202 1527 IV,
226 1451 256 1527 2,
283 1452 317 1512 1:
341 1467 436 1525 egeae
456 1452 531 1512 bueo
555 1445 615 1530 [at]
638 1453 738 1527 patiar
761 1459 812 1512 aut
835 1451 974 1514 taceam?
1004 1449 1043 1526 V,
1066 1452 1096 1518 2.
1116 1455 1176 1516 34:
1199 1451 1303 1528 iigoac

143 1553 180 1610 at
202 1566 260 1609 ron
283 1549 370 1610 domo
394 1552 479 1610 uxori
502 1565 585 1610 meae
608 1550 786 1625 Subrupiam
809 1552 886 1614 cett.
910 1547 983 1612 dui.
1006 1545 1062 1628 IV,
1089 1553 1116 1626 7,
1141 1552 1177 1612 9:
1202 1551 1305 1626 Egone

142 1651 179 1718 ai
199 1654 230 1707 ta
253 1646 409 1720 advorsum
433 1649 569 1721 mentiar,
593 1655 689 1710 mater
710 1647 798 1710 mea?
820 1644 875 1726 (id)
899 1638 986 1728 ioIIte
1009 1644 1109 1732 cett.).
1154 1643 1249 1712 Oura.
1266 1643 1305 1726 V,

144 1749 176 1823 2,
203 1746 256 1808 18:
292 1745 401 1804 Maaoc
431 1747 542 1808 anciila
562 1747 659 1808 libera
681 1749 715 1807 ai
737 1747 789 1822 sit,
826 1763 914 1824 quam
937 1763 992 1823 ego
1023 1763 1181 1822 numquam
1204 1746 1306 1808 emissi

144 1841 254 1905 mauu?
285 1839 402 1904 Bacch.
426 1839 470 1916 II,
493 1846 523 1916 2,
549 1847 605 1910 io:
628 1845 732 1919 Egone
752 1849 796 1919 at,
819 1845 898 1921 quod
921 1845 1034 1906 abillo
1058 1843 1131 1922 [ma]
1155 1846 1308 1921 attigisset

143 1943 279 2014 nuntius,
302 1941 369 2000 Non
393 1942 575 2016 inpetratum
598 1944 629 2004 id
652 1943 823 2004 advenienti
846 1945 876 2004 ei
903 1941 1082 2006 redderem?
1126 1939 1186 2022 ΙΠ,
1212 1946 1247 2022 1,
1269 1944 1304 2005 8:

143 2041 249 2115 Egone
276 2043 311 2098 at
337 2040 412 2099 haec
439 2042 597 2102 couciussa
627 2048 742 2117 gestaru
770 2039 964 2104 ciancuiumi
996 2043 1032 2102 at
1062 2043 1157 2103 celem
1186 2047 1305 2118 patrem

144 2140 218 2202 cett
243 2141 272 2216 3,
296 2139 352 2201 86:
377 2155 468 2212 agone
493 2136 552 2214 [at]
576 2141 657 2201 illam
681 2139 835 2202 mulierem
859 2139 975 2214 Oapitis
998 2155 1057 2199 non
1080 2139 1226 2214 perdam?
1248 2136 1304 2208 IV,

146 2238 252 2314 1,16:
279 2237 382 2312 Egone
410 2239 445 2298 ut
471 2237 509 2298 ad
535 2244 565 2298 te
588 2237 625 2298 ab
657 2237 889 2300 libertinaesse
923 2236 1065 2299 auderem
1094 2238 1304 2299 internuntius.

143 2339 175 2405 3,
200 2338 238 2397 21
263 2329 321 2414 (ε
342 2351 370 2397 v-
395 2331 487 2412 aab:
511 2351 604 2410 egone
625 2339 660 2396 ut
682 2351 770 2411 opem
792 2333 874 2396 terre
895 2342 998 2411 putem
1030 2335 1103 2395 mihi
1125 2336 1217 2398 Posse
1239 2337 1304 2397 iuo-

144 2452 213 2510 pam
236 2434 289 2496 tei
334 2427 388 2512 IV,
413 2434 442 2510 8,
469 2436 500 2495 1:
527 2433 664 2497 Meamne
684 2465 728 2476 -
749 2437 785 2494 at
804 2433 946 2498 retineat.
983 2429 1098 2498 Pseud.
1122 2429 1149 2510 1,
1173 2437 1202 2510 b,
1230 2433 1304 2498 101:

142 2535 247 2610 Egone
268 2537 303 2594 at
324 2549 429 2592 cavere
453 2547 608 2607 nequeam,
632 2533 702 2608 quoi
720 2531 926 2610 praedicitur?
949 2528 1034 2594 Triu.
1050 2548 1079 2593 v.
1101 2531 1180 2595 ate:
1203 2532 1306 2608 Egone

144 2633 311 2692 indotatam
335 2638 364 2690 ta
388 2647 509 2691 uxorem
532 2633 567 2690 at
587 2629 709 2705 patiar?
753 2626 848 2694 True.
870 2627 922 2710 ΙΙ,
944 2633 981 2709 4,
1004 2631 1061 2692 87:
1095 2632 1200 2708 Egone
1220 2632 1305 2692 iiiam

143 2736 181 2792 ut
198 2747 257 2792 non
280 2729 395 2790 amem?
422 2744 515 2804 egone
541 2729 587 2791 illi
609 2735 644 2792 at
665 2746 724 2790 non
748 2730 825 2791 bane
852 2725 960 2791 veiim?
1004 2724 1132 2791 Terent.
1156 2726 1256 2793 Andr.
1279 2725 1305 2804 1,

147 2832 183 2899 b,
207 2830 262 2892 28:
298 2829 364 2888 eiaa
386 2843 440 2904 ogo
462 2829 497 2888 at
517 2827 679 2889 adversar?
723 2825 852 2892 Phorm.
879 2823 929 2906 ΙΙ,
962 2830 993 2899 l,
1018 2830 1075 2890 74:
1093 2828 1199 2908 ,urm
1221 2828 1305 2890 iiiam

145 2945 214 2989 cum
238 2928 290 2988 iilo
312 2931 347 2990 at
367 2927 466 3002 patiar
488 2934 610 3000 ruptam
635 2943 723 2986 uuum
747 2925 847 2988 diem?
891 2921 931 3003 V,
954 2927 989 3003 8,
1013 2925 1068 2988 62:
1091 2925 1198 2987 Hicine
1224 2929 1260 2987 ut
1288 2943 1307 2988 a

146 3027 313 3088 nobishoc
343 3031 457 3088 tantum
485 3026 603 3098 argenti
628 3021 747 3084 auferat
776 3025 849 3084 Tum
878 3029 982 3098 aperte
1016 3010 1171 3084 inridens?
1216 3028 1245 3102 9,
1270 3027 1306 3090 3:

145 3125 253 3186 Hicine
284 3126 322 3182 at
354 3123 410 3184 tibi
435 3121 627 3199 respoudeat.
673 3121 707 3199 6,
739 3123 796 3186 34:
831 3123 899 3183 otia
930 3122 1005 3202 haee
1039 3121 1192 3197 ignorarat
1221 3139 1306 3184 auum

146 3222 288 3299 patrem?
333 3219 411 3286 Hac.
433 3217 459 3297 1,
484 3227 511 3296 l,
535 3224 572 3285 9:
598 3220 673 3282 Utin
695 3221 832 3281 eximium
856 3222 1004 3282 nemiuem
1026 3216 1176 3280 habeam?

183 3331 186 3339 ·
232 3318 255 3382 i.
297 3318 470 3384 Diversum
492 3322 557 3398 est,
591 3315 618 3381 si
647 3316 681 3380 in
708 3315 818 3382 interr.
847 3333 919 3382 cum
940 3335 978 3379 aa
1005 3317 1088 3398 part.
1111 3331 1177 3379 acc.
1199 3331 1226 3378 c.
1250 3311 1304 3380 ini.

148 3415 297 3499 ponitur,
325 3415 365 3482 de
388 3431 452 3496 qua
473 3433 509 3481 re
532 3413 720 3481 Luebkerus
748 3415 788 3479 da
811 3431 872 3479 usu
894 3414 948 3481 ini.
971 3414 1075 3481 Piaut
1098 3429 1129 3494 p.
1153 3416 1211 3504 28:
1246 3409 1303 3492 „Si

147 3515 309 3582 enunciati
330 3531 431 3580 nexus
454 3515 486 3578 in
508 3513 578 3580 sola
599 3512 796 3595 cogitatione
810 3511 967 3591 consistit,
989 3527 1084 3592 quam
1101 3510 1201 3577 menti
1216 3527 1306 3576 meae

147 3615 372 3680 obversantem
395 3611 549 3678 addubito
572 3617 606 3677 et
627 3612 767 3678 admiror
789 3616 823 3676 et
845 3607 914 3676 iieri
936 3626 1032 3691 posse
1047 3606 1168 3681 diffido,
1190 3625 1256 3674 ace.
1273 3611 1307 3674 et

146 3711 201 3780 int.
224 3712 379 3778 utendum
402 3710 482 3776 est.“
515 3707 619 3776 Plaut.
642 3709 730 3776 Asin
753 3709 779 3790 Ι,
803 3715 833 3790 3,
857 3713 914 3776 73:
937 3711 1070 3772 Haecine
1086 3717 1117 3770 te
1141 3727 1207 3771 essa
1230 3710 1304 3772 obli·

147 3824 221 3876 tum.
244 3809 317 3876 Aul.
338 3807 395 3890 IV,
423 3813 472 3888 10,
498 3811 556 3874 io:
577 3811 651 3872 Cum
671 3811 780 3872 istacin
803 3817 834 3871 ta
857 3809 993 3872 credone
1010 3809 1068 3870 huc
1092 3809 1198 3870 adme
1221 3808 1305 3871 adiro

146 3929 262 3990 ausum,
284 3909 466 3986 impudens?
497 3904 589 3972 Oura.
612 3905 638 3986 I,
662 3910 692 3987 3,
712 3910 771 3972 44;
793 3909 909 3970 Hocine
931 3906 999 3968 fieri
1021 3915 1054 3968 ut
1075 3906 1252 3970 inmodestia
1275 3911 1306 3964 ta

146 4014 197 4074 iric
218 4010 384 4072 moderaris
407 4006 560 4072 moribus?
605 4003 661 4084 IV,
684 4007 715 4080 4,
738 4008 795 4070 33:
819 4007 894 4068 sicin
916 4006 989 4066 mibi
1011 4021 1077 4066 asae
1096 4021 1133 4068 oa
1156 3999 1306 4064 oblitum?

146 4108 187 4189 V,
211 4113 247 4189 3,
273 4110 326 4172 17:
360 4109 463 4168 Hocin.
484 4113 575 4182 pacto
597 4102 693 4184 [hinc]
723 4104 925 4166 indemnatum
949 4111 1037 4180 atqua
1062 4105 1235 4164 intestatum
1258 4115 1306 4161 rua

146 4206 267 4286 abripi?
312 4202 427 4272 Baaoh.
462 4203 492 4284 1,
523 4207 559 4280 2,
588 4208 629 4269 tt
663 4206 724 4280 t:
746 4221 774 4265 v.
802 4203 890 4276 l5l)²
930 4203 1096 4280 Magistros
1130 4215 1309 4275 quemquam
