3036 4766
462 167 608 208 DOCTRINA
634 168 864 211 PARTIOULARUH.
1184 181 1246 242 355

89 367 140 432 ap.
167 351 250 418 Iord.
273 359 331 435 49,
354 357 388 420 3:
418 357 540 420 Asinum
571 363 626 420 out
654 363 846 423 musimonam
874 365 929 422 cai
953 364 1086 423 arietem.
1132 361 1179 426 Id.
1211 363 1250 427 de

88 467 127 514 re
150 449 282 516 militari
304 469 354 534 ap.
380 453 464 518 iord.
488 459 544 532 82,
570 461 596 519 l.
626 459 661 521 2:
693 459 761 520 Sive
789 458 867 520 iorta
897 478 971 534 opus
1002 462 1041 520 sit
1070 478 1165 522 cuneo
1194 466 1251 522 ont

88 550 179 624 globo
201 556 258 612 ool
277 549 393 629 ioraipe
416 558 471 614 oui
492 554 625 616 turribus
649 560 704 618 uui
725 573 822 632 serra,
851 559 895 618 uti
924 557 1070 618 adoriare.
1117 556 1247 622 Terent.

89 645 172 710 And.
196 646 227 722 Ι,
250 651 287 728 5,
311 654 369 715 43:
394 651 498 713 Adeon
521 671 613 729 porro
634 655 782 729 ingratum
799 656 1056 716 aaiinhumanum
1073 661 1128 716 out
1143 655 1248 718 ierum.

176 743 196 808 i,
234 745 470 827 Nonnunquam
493 749 647 815 minuitur
667 753 701 814 et
724 767 805 829 pene
828 749 954 816 tollitur
968 769 1100 831 prorsus
1123 751 1178 816 illa
1199 753 1248 816 in-

88 842 269 922 aequalitas
291 845 443 924 partium.
488 844 596 923 Quare
620 853 674 911 out
696 847 830 928 simplex
854 849 1016 930 componit
1038 867 1136 931 saepe
1151 848 1248 916 etiarn

88 957 145 1021 ea,
170 959 252 1022 quae
274 941 421 1024 aequalia
444 947 478 1008 et
499 943 593 1009 unius
613 946 741 1026 generis
765 952 841 1011 sunt
862 951 896 1011 et
911 965 958 1026 ea,
975 963 1057 1028 qnae
1076 965 1249 1030 synonyma
1373 991 1379 996 -

89 1055 163 1104 esse
185 1040 343 1106 videntur.
389 1039 427 1107 Id
457 1040 584 1107 critims
606 1043 724 1109 multos
746 1043 913 1124 permovit,
937 1049 973 1109 ut
988 1043 1098 1124 partic.
1116 1052 1170 1107 aot
1183 1045 1246 1110 vim

88 1137 303 1217 copulativam
332 1139 511 1206 tribuerent
542 1145 638 1221 atque
668 1159 725 1222 pro
754 1149 783 1204 ci
817 1142 1006 1224 acciperent.
1063 1143 1185 1218 (Hand.
1216 1162 1246 1224 p.

88 1240 174 1310 540).
215 1237 295 1303 Vide
323 1240 364 1304 de
385 1237 445 1306 hac
468 1257 503 1306 re
526 1241 622 1308 etiam
639 1239 892 1323 Vogelmannum
913 1240 953 1306 de
974 1239 1248 1306 coniunctionibus

88 1335 293 1402 disiunctivis.
311 1336 434 1404 Latinis
457 1337 489 1402 in
513 1339 615 1404 Iahnii
638 1339 742 1404 annal.
767 1339 921 1422 supplem.
945 1338 1006 1403 vol.
1035 1337 1096 1417 XI,
1124 1342 1200 1404 sect.
1225 1345 1245 1404 4

88 1436 214 1515 (1846),
237 1453 266 1516 p.
297 1439 361 1500 618
390 1453 469 1518 sqq,
496 1437 550 1518 qui
580 1433 672 1502 affert
698 1437 777 1503 baec
805 1437 868 1501 duo
896 1435 1042 1518 exempla
1072 1455 1111 1501 ex
1138 1436 1245 1502 Plauti

87 1531 206 1611 Milite,
229 1532 291 1614 ΙΙΙ,
315 1539 351 1614 3,
375 1540 393 1600 5
417 1553 481 1616 sq:

133 1635 270 1696 Stultitia
292 1639 381 1712 atque
404 1633 577 1712 insipientia
601 1635 825 1712 [insulsitasque
849 1635 966 1712 hercle]
990 1637 1065 1696 baec
1087 1637 1136 1712 sit,

132 1734 183 1792 Me
207 1733 251 1793 ira
274 1734 304 1793 in
328 1751 402 1809 opus
426 1737 555 1794 alienum
579 1737 633 1792 oret
655 1733 709 1794 tibi
733 1751 827 1795 meam
851 1750 973 1808 operam
996 1733 1169 1810 pollicitari.

88 1833 122 1893 et
147 1827 222 1893 ibid.
247 1849 276 1895 v.
306 1835 345 1895 14
366 1847 449 1910 sqq:

220 1929 323 2006 Siquid
347 1929 546 1992 faciundumst
567 1931 684 1993 mulieri
707 1932 784 1990 male
807 1933 895 2003 atque
916 1931 1076 2006 malitiose,

218 2029 263 2090 lbi
287 2029 314 2089 ei
336 2029 503 2090 inmortalis
529 2031 701 2090 memoriast
724 2030 893 2090 meminisse
916 2031 946 2089 id
971 2032 1171 2106 sempiternos

219 2127 270 2187 Sin
295 2127 370 2188 bene
395 2128 464 2202 quid
489 2131 544 2188 out
565 2127 698 2187 fideliter
720 2125 923 2188 faciundumst
945 2129 1033 2205 cett,

86 2222 143 2288 ubi
159 2221 233 2287 vide
249 2223 407 2288 variatum
424 2239 496 2287 esse
510 2239 529 2286 a
544 2225 641 2304 poeta
655 2221 739 2287 inter
755 2227 843 2298 utque
858 2227 890 2286 et
910 2227 973 2285 ont.
1012 2221 1102 2286 Adde
1118 2223 1246 2288 Terent.

87 2321 187 2387 Andr.
211 2320 243 2393 Ι,
269 2327 299 2401 Ι,
324 2325 363 2388 56
387 2337 433 2402 sq.
458 2322 650 2385 observabam
674 2339 759 2382 mana
786 2323 905 2383 illorum
928 2323 1060 2384 servolos
1089 2323 1246 2386 venientis

87 2427 142 2482 oui
165 2422 310 2486 abeuntis.

176 2535 206 2599 g.
242 2517 423 2598 Numquam
448 2515 507 2582 sibi
535 2521 648 2581 mutuo
678 2515 874 2597 respondent
900 2535 1018 2579 aco-
1041 2525 1095 2581 aaa
1120 2517 1181 2596 ita,
1210 2523 1248 2585 ut

89 2623 143 2680 out
163 2617 197 2681 in
219 2634 254 2680 se
278 2615 413 2696 recipiat
434 2615 498 2681 vim
521 2613 658 2695 negandi
681 2633 720 2678 ex
741 2614 948 2680 antecedente
972 2615 1154 2698 negatione,
1180 2616 1248 2698 sed,

88 2713 191 2780 sicubi
213 2713 376 2778 invenitur
390 2719 445 2774 out
465 2717 613 2793 post'ncc
627 2712 780 2792 positum,
804 2711 865 2776 hae
879 2711 1055 2794 particulae
1079 2731 1141 2778 non
1170 2717 1245 2779 sunt

89 2811 120 2873 ἐκ
141 2803 339 2894 παραλλήλου
361 2811 502 2892 positae,
530 2810 588 2876 sed
611 2818 666 2873 ool
693 2810 848 2876 adhaeret
875 2811 1018 2891 proximo
1041 2811 1247 2906 ‘substantivo

87 2927 149 2991 per
170 2909 413 2976 disiunctionem
437 2908 651 2974 arbitrariam.
688 2907 739 2973 Sic
754 2907 859 2974 Plaut.
877 2907 966 2988 (lapt.
984 2908 1022 2986 V,
1040 2915 1057 2972 5
1080 2906 1248 2989 (caterva),

90 3025 119 3073 v.
145 3011 180 3072 3:
210 3009 312 3083 Neque
341 3011 372 3070 in
403 3012 460 3070 hac
488 3010 715 3084 subigitationes
743 3016 813 3070 sunt
839 3025 931 3082 oeque
956 3009 1019 3067 nlla
1047 3010 1156 3068 amatio
1186 3009 1249 3068 Nec

88 3109 176 3184 pueri
200 3109 367 3183 suppositio
390 3107 584 3183 detergenti
608 3107 835 3174 circumductio,
863 3105 965 3179 Neque
991 3106 1042 3165 ubi
1065 3122 1167 3168 amans
1196 3106 1247 3164 ad·

88 3209 229 3266 ulesccns
259 3212 390 3266 scortum
420 3206 546 3279 liberet,
577 3201 633 3266 ubi
658 3202 730 3266 vide
754 3200 935 3266 Bosscham.
967 3198 1126 3282 Singulari
1153 3199 1247 3264 modo

89 3301 211 3366 dictum
235 3303 285 3365 est
307 3298 406 3364 Most.
431 3301 462 3381 Ι,
486 3305 523 3380 2,
546 3305 603 3366 43:
628 3302 748 3377 Sibique
772 3305 826 3362 aui
848 3302 994 3362 materiae
1015 3304 1189 3375 acpurcuai.

175 3397 204 3462 b.
240 3397 378 3463 Additur
393 3402 467 3479 post
480 3397 763 3480 interrogationem
779 3414 880 3462 novae
896 3395 1149 3479 interrogationi,
1166 3416 1247 3478 quae

88 3495 215 3580 potiora
238 3497 385 3576 opponit,
408 3495 463 3561 nbi
486 3515 527 3559 on
549 3494 725 3576 particulae
748 3494 837 3561 locus
859 3511 923 3558 uon
952 3499 1039 3560 esset
1067 3493 1109 3576 (v.
1141 3495 1245 3560 Hand.

87 3613 119 3677 p.
144 3593 232 3675 551).
260 3594 390 3660 Terent.
414 3593 548 3674 Adelph.
577 3593 641 3674 ΠΙ,
672 3599 708 3674 3,
737 3597 793 3658 42:
822 3595 957 3656 Sinerem
980 3593 1083 3656 illum?
1113 3597 1169 3657 aut
1189 3612 1248 3656 non

89 3713 143 3757 sex
166 3696 238 3755 totis
261 3695 413 3756 mensibus
436 3694 523 3754 Prius
547 3693 716 3754 olfecissem
739 3691 801 3752 -i

175 3787 312 3871 Reliqua
334 3789 374 3854 de
396 3806 458 3854 usu
479 3787 575 3854 buius
597 3787 776 3870 particulae
798 3784 979 3875 videapud
1000 3784 1171 3855 Handium.

175 3891 225 3952 46.
263 3905 292 3952 a.
333 3889 432 3952 Vel·
456 3887 510 3950 uel.
550 3883 680 3951 Catali.
697 3885 736 3951 R.
756 3903 781 3949 c.
798 3889 832 3948 i:
856 3886 947 3946 oleas
967 3886 1109 3960 orchites,
1131 3889 1244 3962 posiae,

89 4005 144 4050 eae
168 3989 279 4064 optime
303 3988 472 4049 conduntur
493 3985 539 4046 vel
567 3985 678 4047 virides
700 3986 731 4045 in
759 3985 868 4060 muria,
890 3983 938 4042 oei
962 3983 992 4041 in
1021 3983 1148 4045 lentisco
1179 4001 1249 4044 con-

90 4095 186 4148 tusae.
231 4081 312 4149 Caio
334 4099 384 4166 ap.
409 4081 535 4148 Iordan.
558 4100 588 4163 p.
614 4085 669 4162 58,
693 4084 730 4146 6:
754 4083 863 4143 Frusto
882 4079 968 4156 panis
992 4079 1117 4140 conduci
1137 4085 1247 4158 potest,

89 4185 135 4246 oei
156 4185 201 4244 uti
230 4191 332 4245 taceat
357 4183 404 4244 vel
430 4183 474 4243 uti
501 4184 649 4257 loquatur.
698 4175 791 4244 Ennii
818 4178 877 4241 sat.
904 4173 995 4253 reliq.
1018 4173 1039 4237 l.
1063 4173 1125 4255 ΙΙΙ,
1147 4173 1185 4238 fr.
1209 4178 1244 4238 9:

972 4273 1038 4338 23*
