3048 4770
194 165 266 225 4218
499 159 562 198 GAP.
576 159 622 198 XV.
643 158 793 198 Doctrina
807 157 1057 200 ΕΙΙΙΝΟΙΔΤΙΟΝΠΙ.

202 350 259 408 tn:
284 365 380 422 neque
404 324 547 408 oecultum
569 349 601 408 id
624 351 727 409 heberi
751 352 804 411 tibi
827 347 925 426 (Men.
950 353 983 411 et
1006 345 1111 412 Guelf.
1135 365 1230 422 neque
1252 347 1283 406 id
1306 363 1361 408 oe-

191 442 341 519 cultum).
366 461 395 504 v.
427 449 478 508 14:
516 446 605 518 surus
631 454 660 506 tc
690 449 747 509 huc
778 442 880 526 (vulg.
903 453 932 508 tc
956 449 1012 508 hue
1036 442 1140 524 toras).
1186 461 1217 507 v.
1241 447 1296 507 27:
1320 443 1359 502 n·-

192 545 279 604 tcris
300 543 495 618 procreandis
520 539 579 620 (sie
602 543 709 606 Herm.
735 542 824 606 elem.
848 543 878 606 d.
903 561 942 605 m.
966 560 995 622 p.
1020 545 1098 615 3083
1122 541 1207 621 vulg.
1229 560 1275 616 pr.
1292 535 1360 616 lib.)

201 639 261 718 ΠΙ,
284 646 313 714 4,
339 644 372 706 3;
396 643 494 701 Veluti
517 659 562 700 mc
585 629 773 714 Megadorus
788 648 915 716 temptat
938 643 1072 702 omnibus
1096 640 1358 710 miserummodis,
1445 675 1449 680 ·

200 756 232 802 v.
256 736 355 802 Goell.
380 741 409 816 6,
434 741 489 800 27:
513 740 588 800 Volo
611 757 662 812 cuo
685 758 722 800 ex
745 747 773 798 te
798 741 883 800 scire.
929 737 1067 802 Nonius:
1092 723 1185 800 Volo*
1200 739 1278 798 seire
1302 753 1358 810 ego

200 855 238 898 ex
260 845 299 898 te.
344 834 458 900 Bacch.
482 833 536 912 lv,
560 841 589 913 4,
615 839 672 898 25:
696 841 742 912 An
766 839 913 909 nescibas,
942 856 1037 912 quarn¹
1055 838 1118 897 cine
1140 836 1219 895 modi
1246 836 1360 895 homini

200 953 269 996 raro
293 942 409 1009 tempus
433 953 464 994 se
488 937 582 1001 daret.
607 949 689 1011 quae
711 933 757 997 sie
780 938 860 1020 sunt
877 932 1069 1024 ordinanda:
1097 932 1148 996 An
1169 915 1359 1000 ‘nesciebas

201 1047 297 1110 quam
317 1048 390 1093 raro
414 1031 568 1094 eiusmodi
597 1035 732 1110 tempus·
752 1049 787 1098 se
812 1031 917 1109 daret,
943 1048 972 1094 v.
1000 1031 1121 1095 Douza.
1175 1029 1269 1094 Most.
1300 1027 1360 1106 ΙΙΙ,

203 1136 230 1206 1,
261 1134 314 1193 37:
343 1131 492 1206 Quicquid
519 1131 624 1188 dehinc
650 1131 754 1205 dicum,
786 1149 863 1190 nunc
891 1132 922 1190 id
952 1135 1097 1196 certumst
1132 1131 1240 1190 dicere.
1291 1121 1359 1188 Mn

200 1226 260 1302 III,
293 1232 320 1302 1,
352 1231 430 1290 214ε
459 1237 505 1288 set
532 1227 604 1299 quid
626 1226 792 1288 meminisse
816 1228 850 1286 id
874 1227 976 1302 refert,
1005 1246 1059 1302 ego
1091 1225 1217 1302 [nescio]
1249 1234 1359 1286 tmnen.

201 1325 253 1390 Sic
277 1323 507 1403 praedicatum,
533 1325 642 1406 utpote
664 1321 696 1384 iu
720 1339 782 1400 quo
805 1323 853 1386 vis
875 1325 977 1400 maior
997 1323 1103 1404 posita
1118 1324 1168 1399 sit,
1191 1325 1266 1386 ante
1282 1320 1359 1386 sub·

195 1421 317 1486 ,iactum
352 1427 403 1484 est
437 1421 624 1488 collocatum
659 1417 756 1498 Poen.
791 1419 829 1499 V,
854 1425 883 1500 2,
910 1425 985 1486 108:
1020 1426 1095 1484 Nam
1129 1423 1201 1481 mihi
1236 1422 1358 1482 sobrina

85 1552 90 1556 ·
200 1522 381 1596 Ampsigura
403 1520 477 1597 (Δρ,Ι
493 1519 691 1593 Ampsagura)
715 1527 767 1580 tna
790 1529 886 1580 mater
908 1521 974 1582 init.
1020 1505 1080 1584 In:
1104 1527 1135 1598 4,
1156 1523 1213 1582 38;
1236 1517 1278 1579 Id
1296 1535 1361 1594 cuo,

200 1622 258 1681 nisi
292 1619 361 1694 quid
392 1619 422 1676 di
450 1623 501 1678 aut
530 1625 673 1692 parentes
702 1617 806 1687 faxint,
841 1620 890 1693 qui
916 1618 998 1698 (Apg
1021 1617 1103 1695 quid)
1127 1634 1254 1692 sperem,
1278 1615 1358 1702 haud

199 1721 273 1780 scio.
317 1713 357 1788 H.
381 1712 400 1775 l.
422 1714 455 1772 id
476 1713 518 1778 ab
540 1713 628 1776 initio
651 1713 880 1800 enunciariouis
895 1716 1036 1794 positum
1053 1720 1113 1794 est,
1137 1717 1173 1776 ut
1187 1710 1360 1790 unusquis·

196 1831 262 1894 -que
286 1810 394 1876 statim
418 1810 507 1888 sciat,
531 1827 593 1890 qua
616 1811 655 1874 de
678 1829 713 1875 re
729 1818 853 1890 agatur,
878 1812 1053 1891 eademque
1068 1829 1167 1879 eausa
1182 1809 1277 1876 etiam
1306 1827 1359 1884 ayo

198 1915 262 1977 iam
285 1908 461 1976 secundum
483 1907 589 1972 lucum
612 1907 735 1972 obtinet
750 1910 938 1984 sententiae.
982 1909 1064 1974 Rnd.
1080 1909 1140 1989 ΙΙΙ,
1158 1914 1186 1985 5,
1206 1913 1243 1971 12
1259 1905 1358 1986 vulgo

197 2009 331 2090 legitur:
363 2010 394 2070 Si
422 2026 479 2066 non
512 2014 541 2068 te
572 2009 658 2068 ludos
685 2010 831 2083 pessimos
860 2011 1011 2083 dimisero¹
1039 2007 1096 2072 sed
1127 2006 1360 2071 Ambrosianus

198 2107 281 2187 Ang.
311 2104 389 2169 Maii
417 2107 460 2184 (p.
491 2103 567 2183 494)
599 2103 696 2168 habet
725 2107 756 2166 Si
779 2111 806 2165 te
827 2123 888 2166 nou
916 2108 1003 2167 ludos
1025 2126 1055 2181 p.
1079 2109 1118 2180 d.‚
1143 2108 1175 2168 et
1199 2104 1245 2168 sie
1261 2102 1359 2166 etiam

197 2203 437 2268 Fleckeisenus.
484 2200 611 2266 Terent.
643 2201 740 2266 Andr.
771 2200 796 2280 Ι,
824 2207 908 2281 ],’8;
939 2207 1007 2277 Ero
1034 2213 1190 2279 postquam
1227 2209 1257 2262 tc
1290 2203 1356 2261 emi.

198 2301 236 2380 V,
264 2306 292 2381 1,
318 2307 351 2364 1:
376 2301 458 2362 Sutia
478 2303 537 2362 iam
561 2303 642 2368 sutis,
668 2303 758 2378 Simo,
773 2309 921 2376 ¹spectata
944 2319 1015 2377 erga
1038 2308 1069 2362 te
1092 2303 1254 2362 amicitiast
1277 2317 1353 2358 mea.

202 2398 333 2479 Adelph.
356 2398 415 2477 ΙΙΙ,
441 2406 469 2474 3,
495 2402 947 2474 32:1srucostsapcranon
977 2399 1057 2474 queri
1083 2405 1152 2460 ante
1178 2399 1267 2472 pedes
1295 2413 1359 2458 mc·

197 2500 265 2560 dost
278 2500 402 2570 Videre,
427 2499 480 2558 sed
503 2500 592 2557 etiam
615 2499 667 2554 illu
691 2514 765 2570 quae
789 2496 890 2556 futura
905 2499 1091 2572 Prospicere.
1137 2495 1285 2560 Subiecta
1299 2493 1361 2556 ini-

201 2597 245 2660 tio
270 2595 423 2658 orationis
446 2593 552 2672 posita
574 2591 817 2678 disiunctionem
841 2593 962 2656 faciunt
988 2593 1030 2657 ib.
1055 2613 1084 2658 v.
1113 2597 1154 2656 te
1185 2611 1231 2672 sq·
1262 2590 1358 2654 Haud

198 2711 275 2758 raro
303 2699 412 2757 umen
435 2695 545 2755 contra
575 2688 690 2767 evenit,
712 2697 755 2760 ,ut
783 2691 1004 2769 postponendo
1032 2686 1185 2756 vocabulo
1211 2690 1260 2753 vis
1289 2688 1362 2754 eius

199 2791 385 2856 intendatur
411 2788 519 2867 itaque
547 2779 739 2867 primarium
762 2784 818 2850 fiat
846 2789 1032 2854 sententiaa.
1078 2788 1130 2854 Sic
1153 2806 1236 2858 nemo
1258 2786 1360 2850 verbo

199 2888 413 2970 postpositum
437 2890 487 2950 est
511 2885 589 2950 Cato
612 2885 650 2949 R.
662 2885 699 2950 R.
723 2904 747 2951 e.
773 2891 805 2948 5:
829 2891 947 2948 Iniussu
970 2889 1210 2972 domini-credat
1237 2886 1360 2959 444444.

195 2988 259 3052 ln:
283 2989 366 3050 Satui
390 3006 501 3064 semen,
524 2988 647 3059 cibaria,
672 3018 714 3028 -
737 2986 854 3048 dederit
876 2988 1012 3046 444444·
1041 2984 1254 3048 Substantivo
1269 3053 1271 3060 .
1285 2986 1383 3059 stt0‚'
1457 3066 1465 3081 .

197 3084 241 3149 ad
270 3083 354 3165 quod
381 3084 532 3164 pertinet,
563 3080 667 3146 Plaut.
698 3081 870 3158 Asin..1V‚
898 3087 925 3162 1,
962 3089 1009 3159 lt,
1029 3082 1107 3146 item
1131 3100 1157 3145 v.
1183 3087 1238 3146 23:
1264 3083 1362 3143 Vocet

201 3187 354 3246 convivam
376 3185 520 3244 nemiuem
542 3185 604 3242 illa.
637 3179 713 3244 ..Mn
743 3179 798 3260 tv,
833 3185 861 3258 1,
889 3177 944 3246 33:
974 3183 1041 3241 Tibi
1073 3183 1242 3242 divitiarum
1271 3179 1361 3250 adfa-

196 3285 283 3344 44444
306 3281 345 3356 (v.
370 3280 466 3359 Rasp.
491 3297 522 3356 p·
544 3275 610 3356 40).
634 3275 751 3340 Caecil.
775 3277 855 3345 Stat.
879 3277 918 3342 ir.
943 3277 1187 3360 Hypobolimaei
1210 3273 1363 3339 Aeschini

198 3395 250 3459 ap.
282 3376 364 3444 (icil.
394 3377 465 3456 XV,
495 3381 548 3440 14:
580 3379 676 3436 minus
703 3377 806 3450 mitto,
835 3377 955 3441 dictum
991 3394 1050 3455 pru
1085 3377 1296 3442 nihilomiuus.
1324 3376 1362 3440 ut

200 3475 326 3544 Gellius
348 3475 452 3538 docet.
496 3472 651 3540 Similiter
666 3472 735 3538 Ter.
761 3475 859 3540 Andr.
883 3473 962 3554 prul.
986 3493 1016 3538 v.
1032 3479 1067 3537 4:
1093 3473 1237 3534 411444-
1256 3475 1361 3532 multo.

200 3573 449 3639 Enunciationes
460 3572 667 3638 secundariae
683 3571 853 3649 primariae
863 3561 1061 3650 inseruntur,
1076 3572 1121 3635 sio
1143 3569 1247 3636 Plaut.
1260 3568 1364 3634 Mero.

199 3672 260 3748 ΙΙΙ,
290 3677 319 3750 3,
349 3677 403 3736 23:
432 3675 474 3740 At
504 3682 544 3747 tu,
573 3673 691 3746 4444414
724 3674 853 3749 nutrite,
882 3680 944 3736 tum
970 3675 1049 3748 dcto.
1095 3669 1167 3734 Ter.
1198 3667 1295 3733 Andr.
1318 3665 1362 3744 ΙΙ,
1411 3662 1414 3670 ’

198 3777 230 3849 Ι,
254 3777 289 3836 9:
313 3774 415 3832 Facile
440 3789 550 3846 omues,
574 3771 825 3844 carmeniensis,
849 3779 933 3832 recta
949 3772 1076 3832 consilia
1091 3769 1223 3842 aegrotis
1246 3767 1361 3826 damus.

197 3868 374 3935 vocativus
398 3865 984 3948 4444444414444441444144441444,
1008 3867 1054 3930 siu
1085 3865 1203 3928 Plautx
1218 3860 1290 3928 Aul.
1319 3859 1364 3938 ΙΙ,

204 3975 231 4049 l,
248 3972 303 4031 20:
327 3969 424 4045 Peior,
449 3969 556 4040 freter,
579 3977 636 4028 est.
680 3983 709 4028 v.
735 3969 793 4028 33:
815 3969 870 4026 His
893 3969 1007 4041 legibus
1032 3965 1085 4025 sed
1108 3966 1143 4037 si,
1159 3979 1252 4029 soror,
1275 3965 1365 4036 quam

197 4073 246 4132 vis
271 4069 352 4140 dare,
377 4067 482 4126 ducam
506 4069 580 4130 cett.
604 4063 838 4139 Nonnunquam
869 4062 931 4126 duo
958 4060 1127 4138 vocabula,
1156 4075 1238 4137 quae
1268 4075 1365 4124 unam

198 4164 361 4231 nunonem
386 4158 536 4239 efficiunt,
560 4160 776 4242 compluribus
798 4159 962 4226 vocabulis
985 4157 1185 4239 interpositis
1207 4155 1365 4223 dirimun-
