3048 4770
237 94 301 158 228
536 87 598 128 cer.
614 88 659 126 xv.
686 88 836 128 nocruina
856 89 1104 132 enunciariounn.

237 297 269 342 v.
296 281 371 342 115:
405 275 592 338 credebaut
619 277 756 338 mederet
801 277 897 344 Trnc.
925 277 974 354 11,
1003 284 1037 356 5,
1065 284 1122 344 21:
1156 283 1217 344 lste
1245 283 1294 342 hie
1321 284 1396 344 haud
1430 263 1433 268 ¹

236 379 330 438 multo
352 381 436 451 post,
461 375 563 447 credo,
591 375 697 434 oderit.
743 379 776 454 6,
800 379 855 442 69;
879 381 973 451 Huic,
997 379 1099 454 cedo,
1121 378 1226 450 fotor.
1270 377 1395 458 Fragm.

237 471 413 553 Trigemini
447 488 476 551 p.
513 474 592 534 483:
625 473 664 531 Ni
697 472 852 548 fugissem,
887 477 1016 537 medium
1049 476 1136 538 credo
1161 479 1394 550 proemorsisaet,

239 570 366 650 Fragm.
391 568 512 632 inedita
533 572 615 648 Aug.
639 566 714 634 Mei.
738 587 768 649 p.
792 573 854 636 485
883 573 932 638 ed.
957 571 1141 638 Tauchnitu.
1172 569 1311 636 Cistell:
1341 595 1395 636 uon
1492 619 1493 640 .

239 674 284 730 est
306 672 381 730 satis
403 669 557 728 Monuisse
582 667 668 728 credo
691 672 820 730 nocenti.
849 666 976 734 Terent.
994 670 1091 734 Andr.
1107 668 1150 749 ΙΙ,
1174 677 1199 747 l,
1226 675 1278 738 13:
1302 674 1396 734 Credo

239 768 409 843 inpetrato.
453 762 508 842 IV,
536 769 568 843 l,
591 768 632 828 49
649 780 710 843 sq.:
739 785 805 828 nam
836 771 909 830 satis
932 770 1033 838 oredo,
1057 767 1088 830 si'
1105 771 1325 844 advigilaveris,
1354 773 1396 831 Ex

239 869 307 926 unis
343 866 482 946 geminos!
503 864 575 922 mihi
602 864 737 936 conficies
764 868 892 940 nuptias.
938 865 1019 930 Eun.
1042 864 1080 944 V,
1104 870 1139 944 2,
1162 871 1281 945 59sq.:
1312 868 1398 930 Crede

242 973 297 1028 hoc
327 981 412 1023 meae
442 961 517 1037 tide,
548 961 639 1022 boote
664 963 712 1021 hic
739 981 867 1036 pugnam
895 966 1025 1040 aliquam
1053 965 1157 1026 denno.
1194 963 1321 1028 'Heaut
1344 963 1396 1042 IV,

242 1067 268 1136 l,
292 1064 349 1124 28:
375 1060 477 1132 Credo,
502 1060 532 1119 id
555 1060 699 1132 copitostr'.
745 1055 871 1121 Phorm.
894 1058 919 1137 Ι,
947 1067 973 1139 l,
1000 1063 1033 1124 6:
1056 1065 1084 1120 ei
1106 1063 1192 1122 credo
1214 1082 1320 1122 munus
1343 1065 1396 1124 hoe

239 1160 424 1222 coarctetur.
469 1154 533 1233 ΠΙ,
557 1160 592 1235 2,
616 1159 650 1218 9:
681 1155 773 1217 crece
794 1159 880 1234 mihi,
907 1160 1051 1232 qoodebis
1077 1159 1167 1220 facto.
1212 1158 1289 1223 Hec.
1314 1157 1346 1235 Ι,
1369 1162 1396 1238 2,

238 1261 293 1320 53:
318 1259 364 1318 Ibi
387 1258 502 1317 demum
526 1257 569 1314 ita
592 1271 681 1328 aegre
706 1255 789 1326 tulit,
818 1264 851 1314 ut
873 1257 967 1332 ipsam
991 1259 1186 1331 Bacchidem,
1216 1259 1247 1318 Si
1270 1259 1397 1334 adesset,

242 1357 327 1416 credo
349 1357 392 1416 ibi
414 1357 479 1414 eius
501 1352 773 1413 commiserescens.
818 1351 879 1431 IV,
902 1360 940 1432 4,
964 1356 1019 1416 82:
1042 1357 1117 1416 Nam
1139 1373 1262 1430 puerum
1285 1358 1398 1418 iniussu

240 1455 324 1515 eredo
351 1471 409 1514 nou
433 1453 534 1510 tollent
554 1467 628 1510 meo.
664 1447 798 1528 Adelph.
815 1448 840 1526 Ι,
861 1457 886 1529 l,
911 1457 952 1515 54
968 1468 1030 1530 sq.:
1052 1455 1138 1514 credo
1160 1457 1233 1525 iam,
1256 1459 1290 1512 ut
1313 1455 1397 1528 solet,
1492 1449 1493 1494 Ι

238 1553 386 1625 Iorpcbc't.
432 1551 465 1624 2,
496 1550 551 1608 21:
574 1548 641 1606 Non
664 1551 708 1606 est
729 1547 889 1627 flagitium,
911 1553 984 1610 mihi
1014 1552 1111 1618 crede,
1144 1553 1398 1612 adulescentulum

240 1649 385 1710 Scortari.
430 1663 458 1708 v.
484 1648 538 1708 70:
567 1645 653 1704 credo
682 1647 739 1706 iam
766 1649 894 1706 omnium
918 1649 1075 1712 Tocdebct.
1122 1647 1168 1726 II,
1197 1654 1227 1726 l,
1252 1653 1286 1712 9:
1317 1648 1400 1708 crede

237 1749 311 1817 hoc,
347 1763 401 1820 ego
433 1763 530 1806 meum
559 1747 604 1804 ius
633 1761 811 1816 persequor.
856 1743 890 1806 P.
922 1742 1062 1810 Cornelii
1085 1745 1240 1825 Scipionis
1269 1743 1397 1810 maioris

241 1841 345 1906 oratio
370 1839 440 1904 adv.
465 1840 505 1902 M.
524 1838 685 1904 Naevium
708 1839 780 1904 trib.
809 1840 851 1920 pl.
883 1841 1015 1923 (Meyer.
1038 1861 1067 1922 p.
1092 1845 1210 1922 bouq.)
1240 1861 1291 1920 ap.
1316 1840 1397 1906 Gell.

238 1938 294 2015 IV,
321 1944 373 2003 18:
396 1942 464 2018 Non
487 1942 577 2014 igitur
600 1941 691 1998 simus
715 1940 858 2002 adversus
887 1941 958 2004 deos
986 1943 1105 2016 ingrati,
1132 1945 1186 2004 sed
1214 1959 1325 2020 censeo,
1353 1959 1399 2000 re·

238 2040 408 2112 linquamus
430 2039 608 2098 nebulonem
631 2038 719 2109 hunc,
742 2055 843 2098 comos
867 2041 935 2099 hinc
959 2042 1095 2114 protinus
1118 2043 1181 2102 lovi
1205 2041 1319 2114 optimo
1339 2057 1398 2100 ma·
1492 2101 1493 2112 ,

237 2139 317 2211 ximo
340 2138 530 2210 gratulatum.
560 2131 664 2198 Plaut.
690 2132 786 2198 Mero.
810 2135 848 2213 V,
870 2149 903 2207 4,
926 2141 982 2198 55:
1007 2139 1099 2198 Immo
1122 2137 1255 2202 dicamus
1278 2139 1399 2200 senibus

235 2235 331 2310 legem
355 2252 463 2296 censeo.
494 2231 590 2296 Poen.
607 2230 663 2301 ΠΙ,
688 2240 718 2310 4,
743 2237 801 2295 2οι
829 2237 860 2294 si
881 2236 990 2296 exierit
1012 2239 1090 2308 leno,
1114 2235 1226 2298 censen’
1249 2238 1398 2296 hominem

235 2333 429 2407 termonem,
457 2331 572 2410 quihus
599 2329 723 2394 duobus
750 2329 828 2394 locis
851 2336 960 2396 tamen
985 2330 1160 2412 simplicius
1191 2337 1239 2396 est
1262 2330 1399 2395 conicit

237 2429 386 2494 omissam
409 2436 534 2510 putare.
577 2427 657 2491 Rud.
680 2425 736 2506 IV,
760 2431 790 2508 8,
815 2433 847 2491 5:
875 2431 983 2492 Censen
1006 2431 1094 2490 hodie
1118 2432 1318 2506 despondebit
1333 2449 1398 2491 eam

235 2531 316 2602 mihi,
342 2530 472 2605 quaeso?
516 2525 644 2588 Terent.
679 2524 778 2588 Andr.
808 2525 872 2605 HI,
898 2531 931 2604 3,
958 2530 1014 2590 46:
1049 2531 1126 2588 Num
1157 2545 1254 2588 censes
1276 2529 1396 2600 faceret.

237 2624 354 2688 Heaut.
378 2623 435 2701 ΙΙΙ,
460 2629 488 2702 3,
514 2628 567 2685 27ε
594 2626 688 2686 Recte
711 2623 799 2700 dicit,
822 2641 930 2685 certeco
977 2621 1056 2688 Cato
1083 2623 1120 2688 R.
1144 2623 1180 2686 R.
1204 2643 1230 2688 c.
1260 2631 1292 2688 5:
1322 2629 1397 2687 Nam

233 2743 283 2784 res
308 2726 421 2784 rustica
444 2723 488 2781 sic
511 2727 571 2782 est:
602 2725 627 2782 si
648 2739 736 2782 unam
757 2740 820 2782 rem
844 2741 912 2784 sero
935 2723 1072 2800 feceris,
1092 2726 1191 2784 omnia
1213 2742 1306 2798 opera
1330 2743 1397 2784 sero

237 2821 339 2882 iacies.
386 2816 419 2881 O.
443 2821 498 2881 38:
524 2821 588 2879 Hoc
612 2821 688 2893 signi
711 2823 783 2894 erit,
805 2819 855 2880 ubi
878 2824 945 2880 calx
975 2830 1061 2882 cocta
1085 2823 1152 2897 erit,
1177 2836 1305 2884 summos
1322 2825 1398 2896 lupi·
1492 2835 1493 2908 ᾗ

236 2920 288 2979 des
312 2926 415 2982 coctos
437 2935 503 2978 esse
525 2919 687 2990 oportebit.
716 2914 748 2976 o.
767 2921 821 2980 70:
847 2919 893 2976 lta
916 2919 1054 2991 dividito,
1079 2936 1144 2978 cum
1167 2929 1214 2988 ter
1236 2921 1397 2994 uuicuique

236 3019 369 3084 dederis,
399 3033 514 3076 omnem
549 3015 695 3076 absabias.
740 3012 773 3076 Ο.
807 3018 883 3076 145:
912 3017 943 3074 Si
973 3017 1068 3076 viride
1099 3019 1195 3076 oleum
1223 3034 1299 3090 opus
1329 3020 1397 3089 siet,

233 3115 325 3186 facito
348 3115 463 3176 accedet
484 3116 589 3174 oleum.
635 3109 739 3174 Plaut
763 3110 876 3190 Amph.
901 3110 932 3190 Ι,
961 3118 991 3180 1.
1018 3117 1093 3176 199:
1124 3116 1295 3174 Familiaris
1318 3117 1398 3174 occi-

229 3214 313 3285 piore
339 3213 413 3284 foco
443 3213 502 3270 hau
528 3209 726 3270 familiariter.
772 3206 809 3286 V,
836 3214 867 3284 1,
899 3215 953 3274 55:
989 3214 1086 3286 Magis
1119 3215 1178 3272 ianr
1211 3211 1285 3284 samo
1320 3215 1398 3272 mira

234 3309 321 3368 dices.
367 3307 455 3370 Asin.
478 3306 504 3385 l,
528 3310 557 3386 2,
581 3310 615 3370 o:
645 3317 803 3382 vostraque
831 3310 874 3368 ibi
894 3311 1016 3368 nomina
1038 3311 1124 3372 Foco
1147 3314 1242 3370 eruat.
1287 3307 1343 3386 IV,
1372 3316 1398 3386 Ι,

155 3449 158 3456 -
235 3410 269 3468 4:
292 3407 454 3466 Horrescet
474 3405 547 3476 foco
568 3408 646 3466 lana.
693 3401 782 3481 Capt.
806 3402 863 3483 lV,
886 3411 921 3483 4,
946 3409 999 3467 13:
1027 3409 1080 3466 At·
1095 3425 1173 3466 nuuc
1197 3409 1274 3468 liber
1296 3410 1328 3466 in
1352 3409 1397 3468 di·

234 3505 321 3565 vitias
350 3504 423 3576 foco
450 3505 555 3566 cemes.
602 3501 694 3566 Curc.
719 3499 774 3572 iv,
797 3508 835 3580 4,
865 3505 929 3566 31:
956 3505 987 3563 iu
1023 3505 1125 3564 tritico
1155 3505 1307 3566 facillume
1341 3507 1398 3565 Vel

236 3604 413 3676 quingentos
438 3604 624 3662 curculiones
652 3613 707 3674 pro
737 3619 796 3662 uno
826 3600 900 3672 foco
926 3603 1063 3674 reperies.
1109 3598 1179 3666 Cas.
1203 3601 1248 3678 ΙΙ,
1267 3607 1307 3681 8,
1336 3606 1396 3666 48;

235 3701 281 3762 vir
302 3700 375 3772 fuco
397 3701 495 3760 oderit
522 3701 610 3760 domi.
656 3695 693 3774 V,
718 3701 747 3776 2,
772 3702 826 3760 23:
852 3699 1004 3766 (lucebunt
1025 3703 1074 3776 qui
1099 3700 1248 3762 audierint
1270 3701 1394 3773 facicm.

235 3795 327 3875 Epio.
351 3797 377 3875 l,
401 3801 429 3875 2,
454 3802 511 3861 53;
535 3798 679 3870 secchio
702 3798 767 3858 erit.
799 3793 836 3873 V,
863 3801 890 3874 1,
913 3801 971 3860 49:
995 3797 1064 3857 faxo
1088 3800 1187 3858 scibis.
1235 3796 1272 3874 V,
1288 3802 1319 3874 2,
1335 3796 1395 3860 47:

235 3913 289 3970 ego
312 3896 385 3966 (oco
407 3897 490 3973 scies,
512 3898 578 3958 Hoc
600 3898 643 3956 ita
665 3912 742 3956 esse.
787 3892 901 3958 Bacch.
926 3892 982 3972 IV,
1005 3899 1042 3968 4,
1067 3898 1124 3958 64:
1152 3893 1216 3954 Iam
1247 3895 1322 3967 foro
1345 3899 1396 3956 hic

235 3998 330 4055 cccl.
377 3998 405 4070 7,
429 3995 484 4058 33:
507 3995 577 4066 foco
599 3996 657 4054 iam
680 3995 763 4056 scies,
809 3990 1007 4056 Menaechm.
1035 3989 1084 4069 ΙΙ,
1109 3995 1138 4072 2,
1163 3997 1222 4056 51:
1250 3996 1314 4054 lam
1338 4013 1393 4068 ego

232 4093 307 4152 haec
335 4092 495 4152 madebant
521 4092 601 4164 foco.
647 4088 702 4169 IV,
729 4095 760 4168 l,
783 4094 818 4153 4:
842 4091 1012 4151 Manuiesto
1042 4091 1115 4162 focco
1144 4093 1203 4150 iarn
1232 4093 1392 4164 opprimes,
