<?xml version="1.0" encoding="UTF-8"?>
<!DOCTYPE html PUBLIC "-//W3C//DTD XHTML 1.0 Transitional//EN"
    "http://www.w3.org/TR/xhtml1/DTD/xhtml1-transitional.dtd">
<html xmlns="http://www.w3.org/1999/xhtml" xml:lang="en" lang="en">
 <head>
  <title>
</title>
<meta http-equiv="Content-Type" content="text/html;charset=utf-8" />
  <meta name='ocr-system' content='tesseract 3.04.00' />
  <meta name='ocr-capabilities' content='ocr_page ocr_carea ocr_par ocr_line ocrx_word'/>
</head>
<body>
  <div class='ocr_page' id='page_1' title='image "./syntaxispriscor02holtgoog_0236.png"; bbox 0 0 3048 4770; ppageno 0'>
   <div class='ocr_carea' id='block_1_1' title="bbox 426 181 1328 250">
    <p class='ocr_par' dir='ltr' id='par_1_1' title="bbox 426 181 1328 250">
     <span class='ocr_line' id='line_1_1' title="bbox 426 181 1328 250; baseline -0.002 -27"><span class='ocrx_word' id='word_1_1' title='bbox 426 181 681 234; x_wconf 69' lang='lat' dir='ltr'>numulhooullrluh.</span> <span class='ocrx_word' id='word_1_2' title='bbox 696 181 882 224; x_wconf 77' lang='lat' dir='ltr'>cohhoon&#39;ulo</span> <span class='ocrx_word' id='word_1_3' title='bbox 898 183 1063 224; x_wconf 67' lang='grc' dir='ltr'>ΙΙΙΙΙΙΒΟΒΙΙΙ.</span> <span class='ocrx_word' id='word_1_4' title='bbox 1265 191 1328 250; x_wconf 66' lang='grc'>217</span> 
     </span>
    </p>
   </div>
   <div class='ocr_carea' id='block_1_2' title="bbox 159 371 1333 4266">
    <p class='ocr_par' dir='ltr' id='par_1_2' title="bbox 162 371 1329 1237">
     <span class='ocr_line' id='line_1_2' title="bbox 164 371 1327 452; baseline -0.004 -17"><span class='ocrx_word' id='word_1_5' title='bbox 164 371 343 452; x_wconf 87' lang='lat' dir='ltr'>eodemque</span> <span class='ocrx_word' id='word_1_6' title='bbox 366 371 460 436; x_wconf 87' lang='lat' dir='ltr'>modu</span> <span class='ocrx_word' id='word_1_7' title='bbox 483 391 511 436; x_wconf 93' lang='lat' dir='ltr'>v.</span> <span class='ocrx_word' id='word_1_8' title='bbox 537 377 590 438; x_wconf 82' lang='lat' dir='ltr'>3l:</span> <span class='ocrx_word' id='word_1_9' title='bbox 614 376 707 434; x_wconf 89' lang='lat' dir='ltr'>lmmo</span> <span class='ocrx_word' id='word_1_10' title='bbox 731 375 838 448; x_wconf 80' lang='lat' dir='ltr'>edepol</span> <span class='ocrx_word' id='word_1_11' title='bbox 870 381 960 448; x_wconf 80' lang='lat' dir='ltr'>neget</span> <span class='ocrx_word' id='word_1_12' title='bbox 989 371 1136 447; x_wconf 84' lang='lat' dir='ltr'>proiecto,</span> <span class='ocrx_word' id='word_1_13' title='bbox 1167 387 1263 446; x_wconf 86' lang='lat' dir='ltr'>neque</span> <span class='ocrx_word' id='word_1_14' title='bbox 1295 389 1327 431; x_wconf 90' lang='lat' dir='ltr'>se</span> 
     </span>
     <span class='ocr_line' id='line_1_3' title="bbox 162 459 1329 545; baseline -0.002 -13"><span class='ocrx_word' id='word_1_15' title='bbox 162 473 254 532; x_wconf 85' lang='lat' dir='ltr'>haece</span> <span class='ocrx_word' id='word_1_16' title='bbox 279 473 362 534; x_wconf 86' lang='lat' dir='ltr'>aedis</span> <span class='ocrx_word' id='word_1_17' title='bbox 385 473 552 534; x_wconf 77' lang='lat' dir='ltr'>Philolachi</span> <span class='ocrx_word' id='word_1_18' title='bbox 580 471 757 532; x_wconf 86' lang='lat' dir='ltr'>Vendidisse</span> <span class='ocrx_word' id='word_1_19' title='bbox 785 459 839 542; x_wconf 81' lang='lat' dir='ltr'>(sc.</span> <span class='ocrx_word' id='word_1_20' title='bbox 868 469 966 542; x_wconf 75' lang='lat' dir='ltr'>dicit).</span> <span class='ocrx_word' id='word_1_21' title='bbox 1020 468 1093 533; x_wconf 87' lang='lat' dir='ltr'><strong>Ter.</strong></span> <span class='ocrx_word' id='word_1_22' title='bbox 1125 465 1253 530; x_wconf 87' lang='lat' dir='ltr'>Phorm.</span> <span class='ocrx_word' id='word_1_23' title='bbox 1284 464 1329 545; x_wconf 85' lang='lat'>11,</span> 
     </span>
     <span class='ocr_line' id='line_1_4' title="bbox 166 568 1328 645; baseline -0.001 -15"><span class='ocrx_word' id='word_1_24' title='bbox 166 570 195 643; x_wconf 82' lang='lat'>3,</span> <span class='ocrx_word' id='word_1_25' title='bbox 228 569 247 630; x_wconf 89' lang='grc'><strong>6</strong></span> <span class='ocrx_word' id='word_1_26' title='bbox 275 569 489 645; x_wconf 79' lang='lat' dir='ltr'>antecedunt:</span> <span class='ocrx_word' id='word_1_27' title='bbox 519 571 604 630; x_wconf 87' lang='lat' dir='ltr'>Hauc</span> <span class='ocrx_word' id='word_1_28' title='bbox 631 570 780 644; x_wconf 83' lang='lat' dir='ltr'>Demipho</span> <span class='ocrx_word' id='word_1_29' title='bbox 810 577 899 644; x_wconf 81' lang='lat' dir='ltr'>negat</span> <span class='ocrx_word' id='word_1_30' title='bbox 929 585 995 628; x_wconf 86' lang='lat' dir='ltr'>esse</span> <span class='ocrx_word' id='word_1_31' title='bbox 1026 570 1192 641; x_wconf 75' lang='lat' dir='ltr'>cognatam,</span> <span class='ocrx_word' id='word_1_32' title='bbox 1220 568 1254 628; x_wconf 82' lang='lat' dir='ltr'>ei</span> <span class='ocrx_word' id='word_1_33' title='bbox 1275 581 1328 628; x_wconf 84' lang='lat' dir='ltr'>se·</span> 
     </span>
     <span class='ocr_line' id='line_1_5' title="bbox 167 661 1326 744; baseline -0.003 -17"><span class='ocrx_word' id='word_1_34' title='bbox 167 669 311 744; x_wconf 86' lang='lat' dir='ltr'>quuutur</span> <span class='ocrx_word' id='word_1_35' title='bbox 332 683 360 732; x_wconf 74' lang='lat' dir='ltr'>v,</span> <span class='ocrx_word' id='word_1_36' title='bbox 386 670 405 730; x_wconf 89' lang='lat'>8</span> <span class='ocrx_word' id='word_1_37' title='bbox 428 665 521 730; x_wconf 83' lang='lat' dir='ltr'>hacc:</span> <span class='ocrx_word' id='word_1_38' title='bbox 545 669 648 743; x_wconf 88' lang='lat' dir='ltr'>Neque</span> <span class='ocrx_word' id='word_1_39' title='bbox 673 669 736 726; x_wconf 88' lang='lat' dir='ltr'>elus</span> <span class='ocrx_word' id='word_1_40' title='bbox 760 676 874 740; x_wconf 88' lang='lat' dir='ltr'>patrem</span> <span class='ocrx_word' id='word_1_41' title='bbox 899 683 931 726; x_wconf 88' lang='lat' dir='ltr'>ee</span> <span class='ocrx_word' id='word_1_42' title='bbox 955 665 1033 726; x_wconf 90' lang='lat' dir='ltr'>scire</span> <span class='ocrx_word' id='word_1_43' title='bbox 1057 665 1108 740; x_wconf 88' lang='lat' dir='ltr'>qui</span> <span class='ocrx_word' id='word_1_44' title='bbox 1130 661 1243 724; x_wconf 83' lang='lat' dir='ltr'>luerit?</span> <span class='ocrx_word' id='word_1_45' title='bbox 1268 663 1326 738; x_wconf 86' lang='lat' dir='ltr'>(sc.</span> 
     </span>
     <span class='ocr_line' id='line_1_6' title="bbox 164 758 1324 843; baseline -0.001 -20"><span class='ocrx_word' id='word_1_46' title='bbox 164 760 262 843; x_wconf 81' lang='lat' dir='ltr'>dicii).</span> <span class='ocrx_word' id='word_1_47' title='bbox 292 761 391 828; x_wconf 90' lang='lat' dir='ltr'>Plane</span> <span class='ocrx_word' id='word_1_48' title='bbox 418 763 535 828; x_wconf 84' lang='lat' dir='ltr'>similia</span> <span class='ocrx_word' id='word_1_49' title='bbox 563 779 602 827; x_wconf 84' lang='lat' dir='ltr'>cx</span> <span class='ocrx_word' id='word_1_50' title='bbox 630 760 764 827; x_wconf 83' lang='lat' dir='ltr'>Graecis</span> <span class='ocrx_word' id='word_1_51' title='bbox 791 760 885 827; x_wconf 85' lang='lat' dir='ltr'>affert</span> <span class='ocrx_word' id='word_1_52' title='bbox 915 759 1032 826; x_wconf 87' lang='lat' dir='ltr'>Bernh.</span> <span class='ocrx_word' id='word_1_53' title='bbox 1064 777 1094 839; x_wconf 83' lang='lat' dir='ltr'>p.</span> <span class='ocrx_word' id='word_1_54' title='bbox 1123 762 1198 824; x_wconf 83' lang='grc'><strong>456.</strong></span> <span class='ocrx_word' id='word_1_55' title='bbox 1220 758 1324 822; x_wconf 89' lang='lat' dir='ltr'>Rudd.</span> 
     </span>
     <span class='ocr_line' id='line_1_7' title="bbox 163 855 1326 946; baseline -0.005 -22"><span class='ocrx_word' id='word_1_56' title='bbox 163 878 195 940; x_wconf 90' lang='lat' dir='ltr'>p.</span> <span class='ocrx_word' id='word_1_57' title='bbox 226 865 297 939; x_wconf 82' lang='lat'>360,</span> <span class='ocrx_word' id='word_1_58' title='bbox 325 862 433 927; x_wconf 73' lang='lat' dir='ltr'>aduct-</span> <span class='ocrx_word' id='word_1_59' title='bbox 460 868 495 928; x_wconf 89' lang='lat'>8:</span> <span class='ocrx_word' id='word_1_60' title='bbox 526 866 648 946; x_wconf 85' lang='lat' dir='ltr'>„Saepo</span> <span class='ocrx_word' id='word_1_61' title='bbox 677 859 786 940; x_wconf 86' lang='lat' dir='ltr'>plures</span> <span class='ocrx_word' id='word_1_62' title='bbox 813 859 975 924; x_wconf 85' lang='lat' dir='ltr'>orationes</span> <span class='ocrx_word' id='word_1_63' title='bbox 1002 875 1064 922; x_wconf 91' lang='lat' dir='ltr'>uno</span> <span class='ocrx_word' id='word_1_64' title='bbox 1093 857 1193 922; x_wconf 84' lang='lat' dir='ltr'>verbo</span> <span class='ocrx_word' id='word_1_65' title='bbox 1221 855 1326 920; x_wconf 86' lang='lat' dir='ltr'>claudi</span> 
     </span>
     <span class='ocr_line' id='line_1_8' title="bbox 164 955 1328 1038; baseline -0.004 -18"><span class='ocrx_word' id='word_1_66' title='bbox 164 956 330 1038; x_wconf 82' lang='lat' dir='ltr'>uidentur,</span> <span class='ocrx_word' id='word_1_67' title='bbox 355 960 412 1024; x_wconf 88' lang='lat' dir='ltr'>sed</span> <span class='ocrx_word' id='word_1_68' title='bbox 441 963 480 1026; x_wconf 85' lang='lat' dir='ltr'>ad</span> <span class='ocrx_word' id='word_1_69' title='bbox 509 981 623 1027; x_wconf 87' lang='lat' dir='ltr'>verum</span> <span class='ocrx_word' id='word_1_70' title='bbox 653 977 780 1026; x_wconf 87' lang='lat' dir='ltr'>sensum</span> <span class='ocrx_word' id='word_1_71' title='bbox 808 956 929 1036; x_wconf 91' lang='lat' dir='ltr'>aliquid</span> <span class='ocrx_word' id='word_1_72' title='bbox 959 955 1169 1036; x_wconf 88' lang='lat' dir='ltr'>supplendum</span> <span class='ocrx_word' id='word_1_73' title='bbox 1198 959 1258 1033; x_wconf 89' lang='lat' dir='ltr'>est,</span> <span class='ocrx_word' id='word_1_74' title='bbox 1289 957 1328 1016; x_wconf 89' lang='lat' dir='ltr'>ot</span> 
     </span>
     <span class='ocr_line' id='line_1_9' title="bbox 168 1053 1327 1140; baseline -0.005 -22"><span class='ocrx_word' id='word_1_75' title='bbox 168 1053 243 1119; x_wconf 87' lang='lat' dir='ltr'>Ter.</span> <span class='ocrx_word' id='word_1_76' title='bbox 268 1057 366 1123; x_wconf 88' lang='lat' dir='ltr'><strong>Andr.</strong></span> <span class='ocrx_word' id='word_1_77' title='bbox 389 1055 449 1139; x_wconf 89' lang='grc' dir='ltr'>ΙΙΙ,</span> <span class='ocrx_word' id='word_1_78' title='bbox 473 1066 503 1140; x_wconf 78' lang='lat'>5,</span> <span class='ocrx_word' id='word_1_79' title='bbox 529 1065 586 1126; x_wconf 82' lang='lat'>18:</span> <span class='ocrx_word' id='word_1_80' title='bbox 609 1064 665 1120; x_wconf 91' lang='lat' dir='ltr'>hoc</span> <span class='ocrx_word' id='word_1_81' title='bbox 688 1067 806 1134; x_wconf 85' lang='lat' dir='ltr'>tempus</span> <span class='ocrx_word' id='word_1_82' title='bbox 829 1072 1012 1133; x_wconf 82' lang='lat' dir='ltr'>praecavere</span> <span class='ocrx_word' id='word_1_83' title='bbox 1035 1057 1106 1115; x_wconf 91' lang='lat' dir='ltr'>mihi</span> <span class='ocrx_word' id='word_1_84' title='bbox 1129 1072 1185 1126; x_wconf 90' lang='lat' dir='ltr'>me,</span> <span class='ocrx_word' id='word_1_85' title='bbox 1203 1053 1281 1114; x_wconf 87' lang='lat' dir='ltr'>haud</span> <span class='ocrx_word' id='word_1_86' title='bbox 1297 1063 1327 1112; x_wconf 88' lang='lat' dir='ltr'>te</span> 
     </span>
     <span class='ocr_line' id='line_1_10' title="bbox 168 1147 1280 1237; baseline -0.002 -23"><span class='ocrx_word' id='word_1_87' title='bbox 168 1155 379 1216; x_wconf 83' lang='lat' dir='ltr'>ulciscisiuit.</span> <span class='ocrx_word' id='word_1_88' title='bbox 426 1157 463 1221; x_wconf 90' lang='lat' dir='ltr'>In</span> <span class='ocrx_word' id='word_1_89' title='bbox 485 1157 591 1237; x_wconf 90' lang='lat' dir='ltr'>priore</span> <span class='ocrx_word' id='word_1_90' title='bbox 613 1156 707 1219; x_wconf 89' lang='lat' dir='ltr'>huius</span> <span class='ocrx_word' id='word_1_91' title='bbox 731 1152 868 1233; x_wconf 80' lang='lat' dir='ltr'>exenipll</span> <span class='ocrx_word' id='word_1_92' title='bbox 891 1153 983 1232; x_wconf 85' lang='lat' dir='ltr'>parte</span> <span class='ocrx_word' id='word_1_93' title='bbox 1005 1155 1088 1214; x_wconf 83' lang='lat' dir='ltr'>iubet</span> <span class='ocrx_word' id='word_1_94' title='bbox 1109 1147 1280 1228; x_wconf 61' lang='lat' dir='ltr'>intellige*</span> 
     </span>
    </p>

    <p class='ocr_par' dir='ltr' id='par_1_3' title="bbox 163 1237 1331 1918">
     <span class='ocr_line' id='line_1_11' title="bbox 255 1237 1331 1332; baseline -0.004 -18"><span class='ocrx_word' id='word_1_95' title='bbox 255 1255 283 1314; x_wconf 83' lang='lat'>5.</span> <span class='ocrx_word' id='word_1_96' title='bbox 328 1251 501 1319; x_wconf 87' lang='lat' dir='ltr'>Rhetorica</span> <span class='ocrx_word' id='word_1_97' title='bbox 527 1237 783 1332; x_wconf 70' lang='lat' dir='ltr'>breviloquentia</span> <span class='ocrx_word' id='word_1_98' title='bbox 803 1267 1037 1328; x_wconf 74' lang='lat' dir='ltr'>nonnunquam</span> <span class='ocrx_word' id='word_1_99' title='bbox 1067 1248 1239 1313; x_wconf 78' lang='lat' dir='ltr'>statuendo</span> <span class='ocrx_word' id='word_1_100' title='bbox 1267 1249 1331 1317; x_wconf 67' lang='lat' dir='ltr'>est,</span> 
     </span>
     <span class='ocr_line' id='line_1_12' title="bbox 165 1346 1330 1421; baseline -0.002 -11"><span class='ocrx_word' id='word_1_101' title='bbox 165 1346 194 1411; x_wconf 92' lang='lat' dir='ltr'>si</span> <span class='ocrx_word' id='word_1_102' title='bbox 222 1348 305 1411; x_wconf 85' lang='lat' dir='ltr'>duae</span> <span class='ocrx_word' id='word_1_103' title='bbox 334 1352 573 1416; x_wconf 83' lang='lat' dir='ltr'>enunciationea</span> <span class='ocrx_word' id='word_1_104' title='bbox 600 1353 647 1416; x_wconf 85' lang='lat' dir='ltr'>ita</span> <span class='ocrx_word' id='word_1_105' title='bbox 673 1352 756 1414; x_wconf 88' lang='lat' dir='ltr'>inter</span> <span class='ocrx_word' id='word_1_106' title='bbox 786 1367 820 1414; x_wconf 90' lang='lat' dir='ltr'>se</span> <span class='ocrx_word' id='word_1_107' title='bbox 844 1347 1031 1413; x_wconf 87' lang='lat' dir='ltr'>coniunctae</span> <span class='ocrx_word' id='word_1_108' title='bbox 1054 1351 1138 1421; x_wconf 81' lang='lat' dir='ltr'>sunt,</span> <span class='ocrx_word' id='word_1_109' title='bbox 1161 1350 1198 1408; x_wconf 89' lang='lat' dir='ltr'>ut</span> <span class='ocrx_word' id='word_1_110' title='bbox 1220 1347 1330 1408; x_wconf 86' lang='lat' dir='ltr'>mente</span> 
     </span>
     <span class='ocr_line' id='line_1_13' title="bbox 163 1441 1327 1526; baseline -0.002 -18"><span class='ocrx_word' id='word_1_111' title='bbox 163 1445 345 1511; x_wconf 88' lang='lat' dir='ltr'>addendum</span> <span class='ocrx_word' id='word_1_112' title='bbox 369 1449 425 1512; x_wconf 89' lang='lat' dir='ltr'>sit:</span> <span class='ocrx_word' id='word_1_113' title='bbox 449 1451 503 1511; x_wconf 81' lang='lat' dir='ltr'>tihi</span> <span class='ocrx_word' id='word_1_114' title='bbox 525 1449 631 1526; x_wconf 80' lang='lat' dir='ltr'>(coiis)</span> <span class='ocrx_word' id='word_1_115' title='bbox 656 1447 721 1514; x_wconf 83' lang='lat' dir='ltr'>dico</span> <span class='ocrx_word' id='word_1_116' title='bbox 745 1450 865 1524; x_wconf 68' lang='lat' dir='ltr'>(dicam)</span> <span class='ocrx_word' id='word_1_117' title='bbox 889 1446 956 1510; x_wconf 88' lang='lat' dir='ltr'>sive</span> <span class='ocrx_word' id='word_1_118' title='bbox 985 1448 1058 1507; x_wconf 82' lang='lat' dir='ltr'>acilo</span> <span class='ocrx_word' id='word_1_119' title='bbox 1090 1447 1228 1523; x_wconf 68' lang='lat' dir='ltr'>(salom).</span> <span class='ocrx_word' id='word_1_120' title='bbox 1276 1441 1327 1506; x_wconf 83' lang='lat' dir='ltr'>Sic</span> 
     </span>
     <span class='ocr_line' id='line_1_14' title="bbox 167 1542 1326 1626; baseline -0.009 -18"><span class='ocrx_word' id='word_1_121' title='bbox 167 1542 297 1608; x_wconf 85' lang='lat' dir='ltr'>Terent.</span> <span class='ocrx_word' id='word_1_122' title='bbox 321 1546 420 1610; x_wconf 84' lang='lat' dir='ltr'>Andr.</span> <span class='ocrx_word' id='word_1_123' title='bbox 442 1545 498 1626; x_wconf 81' lang='grc' dir='ltr'>ΙΙΙ,</span> <span class='ocrx_word' id='word_1_124' title='bbox 521 1553 550 1618; x_wconf 83' lang='grc'>4,</span> <span class='ocrx_word' id='word_1_125' title='bbox 577 1553 616 1612; x_wconf 88' lang='grc'>36</span> <span class='ocrx_word' id='word_1_126' title='bbox 641 1563 723 1626; x_wconf 87' lang='lat' dir='ltr'>sqq,</span> <span class='ocrx_word' id='word_1_127' title='bbox 745 1546 822 1610; x_wconf 86' lang='lat' dir='ltr'>item</span> <span class='ocrx_word' id='word_1_128' title='bbox 845 1543 962 1609; x_wconf 89' lang='lat' dir='ltr'>Heaut.</span> <span class='ocrx_word' id='word_1_129' title='bbox 986 1542 1045 1618; x_wconf 88' lang='grc' dir='ltr'>ΙΙΙ,</span> <span class='ocrx_word' id='word_1_130' title='bbox 1072 1548 1099 1620; x_wconf 91' lang='lat' dir='ltr'>l,</span> <span class='ocrx_word' id='word_1_131' title='bbox 1122 1546 1178 1606; x_wconf 84' lang='lat'>40:</span> <span class='ocrx_word' id='word_1_132' title='bbox 1203 1560 1268 1601; x_wconf 85' lang='lat' dir='ltr'>nem</span> <span class='ocrx_word' id='word_1_133' title='bbox 1292 1549 1326 1600; x_wconf 82' lang='lat' dir='ltr'>ut</span> 
     </span>
     <span class='ocr_line' id='line_1_15' title="bbox 165 1640 1327 1734; baseline -0.003 -32"><span class='ocrx_word' id='word_1_134' title='bbox 165 1650 200 1702; x_wconf 88' lang='lat' dir='ltr'>lu</span> <span class='ocrx_word' id='word_1_135' title='bbox 224 1647 311 1718; x_wconf 88' lang='lat' dir='ltr'>scias,</span> <span class='ocrx_word' id='word_1_136' title='bbox 337 1647 430 1734; x_wconf 76' lang='lat' dir='ltr'>Quam</span> <span class='ocrx_word' id='word_1_137' title='bbox 454 1664 491 1707; x_wconf 89' lang='lat' dir='ltr'>ea</span> <span class='ocrx_word' id='word_1_138' title='bbox 514 1663 591 1706; x_wconf 88' lang='lat' dir='ltr'>nuuc</span> <span class='ocrx_word' id='word_1_139' title='bbox 615 1649 763 1706; x_wconf 85' lang='lat' dir='ltr'>instructa</span> <span class='ocrx_word' id='word_1_140' title='bbox 785 1646 911 1720; x_wconf 84' lang='lat' dir='ltr'>pulchre</span> <span class='ocrx_word' id='word_1_141' title='bbox 936 1644 973 1703; x_wconf 88' lang='lat' dir='ltr'>ad</span> <span class='ocrx_word' id='word_1_142' title='bbox 988 1644 1153 1718; x_wconf 88' lang='lat' dir='ltr'>perniciem</span> <span class='ocrx_word' id='word_1_143' title='bbox 1171 1642 1238 1716; x_wconf 88' lang='lat' dir='ltr'>siet,</span> <span class='ocrx_word' id='word_1_144' title='bbox 1262 1640 1327 1699; x_wconf 87' lang='lat' dir='ltr'>Pri·</span> 
     </span>
     <span class='ocr_line' id='line_1_16' title="bbox 163 1733 1327 1818; baseline -0.002 -18"><span class='ocrx_word' id='word_1_145' title='bbox 163 1758 244 1800; x_wconf 86' lang='lat' dir='ltr'>mum</span> <span class='ocrx_word' id='word_1_146' title='bbox 268 1743 327 1800; x_wconf 88' lang='lat' dir='ltr'>iam</span> <span class='ocrx_word' id='word_1_147' title='bbox 348 1747 472 1804; x_wconf 87' lang='lat' dir='ltr'>ancillas</span> <span class='ocrx_word' id='word_1_148' title='bbox 496 1761 596 1805; x_wconf 87' lang='lat' dir='ltr'>secum</span> <span class='ocrx_word' id='word_1_149' title='bbox 620 1744 744 1806; x_wconf 83' lang='lat' dir='ltr'>adduxii</span> <span class='ocrx_word' id='word_1_150' title='bbox 765 1745 832 1817; x_wconf 89' lang='lat' dir='ltr'>plus</span> <span class='ocrx_word' id='word_1_151' title='bbox 855 1743 970 1818; x_wconf 87' lang='lat' dir='ltr'>decem,</span> <span class='ocrx_word' id='word_1_152' title='bbox 992 1757 1036 1804; x_wconf 89' lang='lat' dir='ltr'>sc.</span> <span class='ocrx_word' id='word_1_153' title='bbox 1060 1741 1115 1799; x_wconf 91' lang='lat' dir='ltr'>tihi</span> <span class='ocrx_word' id='word_1_154' title='bbox 1137 1739 1243 1798; x_wconf 90' lang='lat' dir='ltr'>dicam.</span> <span class='ocrx_word' id='word_1_155' title='bbox 1266 1733 1327 1798; x_wconf 77' lang='lat' dir='ltr'>ld.</span> 
     </span>
     <span class='ocr_line' id='line_1_17' title="bbox 163 1836 472 1918; baseline 0.016 -20"><span class='ocrx_word' id='word_1_156' title='bbox 163 1836 246 1915; x_wconf 91' lang='lat' dir='ltr'>prol.</span> <span class='ocrx_word' id='word_1_157' title='bbox 271 1855 299 1900; x_wconf 88' lang='lat' dir='ltr'>v.</span> <span class='ocrx_word' id='word_1_158' title='bbox 328 1844 365 1902; x_wconf 81' lang='lat'>15</span> <span class='ocrx_word' id='word_1_159' title='bbox 389 1855 472 1918; x_wconf 86' lang='lat' dir='ltr'>sqq:</span> 
     </span>
    </p>

    <p class='ocr_par' dir='ltr' id='par_1_4' title="bbox 159 1933 1326 2585">
     <span class='ocr_line' id='line_1_18' title="bbox 335 1933 1164 2013; baseline -0.006 -15"><span class='ocrx_word' id='word_1_160' title='bbox 335 1938 409 2004; x_wconf 80' lang='lat' dir='ltr'>Nem</span> <span class='ocrx_word' id='word_1_161' title='bbox 435 1939 513 2013; x_wconf 91' lang='lat' dir='ltr'>quod</span> <span class='ocrx_word' id='word_1_162' title='bbox 537 1941 587 1998; x_wconf 89' lang='lat' dir='ltr'>isti</span> <span class='ocrx_word' id='word_1_163' title='bbox 610 1940 713 1998; x_wconf 87' lang='lat' dir='ltr'>dicunt</span> <span class='ocrx_word' id='word_1_164' title='bbox 733 1938 874 2012; x_wconf 82' lang='lat' dir='ltr'>malivoli,</span> <span class='ocrx_word' id='word_1_165' title='bbox 897 1936 1031 1995; x_wconf 86' lang='lat' dir='ltr'>homiues</span> <span class='ocrx_word' id='word_1_166' title='bbox 1055 1933 1164 1996; x_wconf 87' lang='lat' dir='ltr'>nobilis</span> 
     </span>
     <span class='ocr_line' id='line_1_19' title="bbox 337 2035 1040 2112; baseline 0.001 -18"><span class='ocrx_word' id='word_1_167' title='bbox 337 2035 412 2094; x_wconf 86' lang='lat' dir='ltr'>Eum</span> <span class='ocrx_word' id='word_1_168' title='bbox 438 2038 584 2112; x_wconf 86' lang='lat' dir='ltr'>adiutare,</span> <span class='ocrx_word' id='word_1_169' title='bbox 608 2036 791 2110; x_wconf 78' lang='lat' dir='ltr'>adsidueque</span> <span class='ocrx_word' id='word_1_170' title='bbox 815 2052 873 2094; x_wconf 88' lang='lat' dir='ltr'>una</span> <span class='ocrx_word' id='word_1_171' title='bbox 896 2035 1040 2095; x_wconf 85' lang='lat' dir='ltr'>scribere:</span> 
     </span>
     <span class='ocr_line' id='line_1_20' title="bbox 335 2133 1150 2206; baseline -0.004 -13"><span class='ocrx_word' id='word_1_172' title='bbox 335 2134 420 2206; x_wconf 80' lang='lat' dir='ltr'>Quod</span> <span class='ocrx_word' id='word_1_173' title='bbox 443 2135 489 2193; x_wconf 92' lang='lat' dir='ltr'>illi</span> <span class='ocrx_word' id='word_1_174' title='bbox 512 2135 702 2193; x_wconf 89' lang='lat' dir='ltr'>maledictum</span> <span class='ocrx_word' id='word_1_175' title='bbox 727 2149 936 2192; x_wconf 76' lang='lat' dir='ltr'>remensesse</span> <span class='ocrx_word' id='word_1_176' title='bbox 961 2133 1150 2203; x_wconf 83' lang='lat' dir='ltr'>existumant,</span> 
     </span>
     <span class='ocr_line' id='line_1_21' title="bbox 337 2230 1320 2306; baseline 0.001 -17"><span class='ocrx_word' id='word_1_177' title='bbox 337 2232 413 2290; x_wconf 82' lang='lat' dir='ltr'>Eam</span> <span class='ocrx_word' id='word_1_178' title='bbox 436 2232 555 2292; x_wconf 88' lang='lat' dir='ltr'>laudem</span> <span class='ocrx_word' id='word_1_179' title='bbox 577 2233 624 2290; x_wconf 91' lang='lat' dir='ltr'>hic</span> <span class='ocrx_word' id='word_1_180' title='bbox 648 2231 730 2290; x_wconf 86' lang='lat' dir='ltr'>ducit</span> <span class='ocrx_word' id='word_1_181' title='bbox 753 2245 929 2304; x_wconf 84' lang='lat' dir='ltr'>maxumum,</span> <span class='ocrx_word' id='word_1_182' title='bbox 952 2246 1038 2302; x_wconf 89' lang='lat' dir='ltr'>quom</span> <span class='ocrx_word' id='word_1_183' title='bbox 1055 2230 1115 2289; x_wconf 86' lang='lat' dir='ltr'>illie</span> <span class='ocrx_word' id='word_1_184' title='bbox 1132 2231 1241 2306; x_wconf 86' lang='lat' dir='ltr'>placei,</span> <span class='ocrx_word' id='word_1_185' title='bbox 1317 2283 1320 2290; x_wconf 25' lang='grc' dir='ltr'>ι</span> 
     </span>
     <span class='ocr_line' id='line_1_22' title="bbox 339 2329 1011 2402; baseline -0.004 -15"><span class='ocrx_word' id='word_1_186' title='bbox 339 2330 395 2402; x_wconf 80' lang='lat' dir='ltr'>Qui</span> <span class='ocrx_word' id='word_1_187' title='bbox 419 2330 501 2388; x_wconf 86' lang='lat' dir='ltr'>vobis</span> <span class='ocrx_word' id='word_1_188' title='bbox 525 2329 671 2388; x_wconf 81' lang='lat' dir='ltr'>universis</span> <span class='ocrx_word' id='word_1_189' title='bbox 694 2334 725 2385; x_wconf 85' lang='lat' dir='ltr'>et</span> <span class='ocrx_word' id='word_1_190' title='bbox 747 2330 857 2401; x_wconf 91' lang='lat' dir='ltr'>populo</span> <span class='ocrx_word' id='word_1_191' title='bbox 880 2329 1011 2401; x_wconf 79' lang='lat' dir='ltr'>placent,</span> 
     </span>
     <span class='ocr_line' id='line_1_23' title="bbox 159 2421 1326 2499; baseline -0.003 -12"><span class='ocrx_word' id='word_1_192' title='bbox 159 2422 217 2487; x_wconf 92' lang='lat' dir='ltr'>ubi</span> <span class='ocrx_word' id='word_1_193' title='bbox 240 2423 280 2488; x_wconf 88' lang='lat' dir='ltr'>ad</span> <span class='ocrx_word' id='word_1_194' title='bbox 303 2423 437 2488; x_wconf 78' lang='lat' dir='ltr'>alteram</span> <span class='ocrx_word' id='word_1_195' title='bbox 460 2422 714 2489; x_wconf 85' lang='lat' dir='ltr'>enunciationem</span> <span class='ocrx_word' id='word_1_196' title='bbox 736 2427 842 2486; x_wconf 83' lang='lat' dir='ltr'>menie</span> <span class='ocrx_word' id='word_1_197' title='bbox 866 2421 1044 2488; x_wconf 87' lang='lat' dir='ltr'>addendum</span> <span class='ocrx_word' id='word_1_198' title='bbox 1067 2429 1133 2486; x_wconf 80' lang='lat' dir='ltr'>est:</span> <span class='ocrx_word' id='word_1_199' title='bbox 1157 2423 1253 2482; x_wconf 84' lang='lat' dir='ltr'>dicam</span> <span class='ocrx_word' id='word_1_200' title='bbox 1278 2422 1326 2499; x_wconf 86' lang='lat' dir='ltr'>(c)</span> 
     </span>
     <span class='ocr_line' id='line_1_24' title="bbox 166 2519 466 2585; baseline 0.007 -3"><span class='ocrx_word' id='word_1_201' title='bbox 166 2523 251 2582; x_wconf 84' lang='lat' dir='ltr'>vobis</span> <span class='ocrx_word' id='word_1_202' title='bbox 274 2519 325 2585; x_wconf 88' lang='lat' dir='ltr'>vel</span> <span class='ocrx_word' id='word_1_203' title='bbox 349 2525 466 2584; x_wconf 87' lang='lat' dir='ltr'>scitote.</span> 
     </span>
    </p>

    <p class='ocr_par' dir='ltr' id='par_1_5' title="bbox 162 2615 1333 4266">
     <span class='ocr_line' id='line_1_25' title="bbox 255 2615 1331 2696; baseline -0.002 -14"><span class='ocrx_word' id='word_1_204' title='bbox 255 2623 284 2682; x_wconf 91' lang='grc'>6.</span> <span class='ocrx_word' id='word_1_205' title='bbox 332 2619 490 2680; x_wconf 79' lang='lat' dir='ltr'>Oollocotic</span> <span class='ocrx_word' id='word_1_206' title='bbox 511 2623 676 2682; x_wconf 70' lang='lat' dir='ltr'>cadmum.</span> <span class='ocrx_word' id='word_1_207' title='bbox 723 2619 771 2682; x_wconf 90' lang='lat' dir='ltr'>Dc</span> <span class='ocrx_word' id='word_1_208' title='bbox 793 2616 854 2681; x_wconf 91' lang='lat' dir='ltr'>hoc</span> <span class='ocrx_word' id='word_1_209' title='bbox 869 2615 940 2682; x_wconf 89' lang='lat' dir='ltr'>loco</span> <span class='ocrx_word' id='word_1_210' title='bbox 956 2617 1096 2696; x_wconf 84' lang='lat' dir='ltr'>syntaxis</span> <span class='ocrx_word' id='word_1_211' title='bbox 1111 2615 1183 2681; x_wconf 82' lang='lat' dir='ltr'>vide</span> <span class='ocrx_word' id='word_1_212' title='bbox 1200 2620 1331 2696; x_wconf 86' lang='lat' dir='ltr'>praeter</span> 
     </span>
     <span class='ocr_line' id='line_1_26' title="bbox 164 2714 1333 2797; baseline 0 -19"><span class='ocrx_word' id='word_1_213' title='bbox 164 2714 285 2780; x_wconf 92' lang='lat' dir='ltr'>librum</span> <span class='ocrx_word' id='word_1_214' title='bbox 301 2715 410 2797; x_wconf 88' lang='lat' dir='ltr'>Raspil</span> <span class='ocrx_word' id='word_1_215' title='bbox 426 2717 523 2780; x_wconf 87' lang='lat' dir='ltr'>etiam</span> <span class='ocrx_word' id='word_1_216' title='bbox 545 2716 648 2780; x_wconf 86' lang='lat' dir='ltr'>lahnii</span> <span class='ocrx_word' id='word_1_217' title='bbox 671 2733 839 2782; x_wconf 77' lang='lat' dir='ltr'>censuram</span> <span class='ocrx_word' id='word_1_218' title='bbox 863 2714 958 2779; x_wconf 82' lang='lat' dir='ltr'>huius</span> <span class='ocrx_word' id='word_1_219' title='bbox 979 2714 1055 2778; x_wconf 92' lang='lat' dir='ltr'>lihri</span> <span class='ocrx_word' id='word_1_220' title='bbox 1078 2716 1110 2779; x_wconf 92' lang='lat' dir='ltr'>in</span> <span class='ocrx_word' id='word_1_221' title='bbox 1133 2714 1237 2780; x_wconf 84' lang='lat' dir='ltr'>annal.</span> <span class='ocrx_word' id='word_1_222' title='bbox 1261 2714 1333 2795; x_wconf 84' lang='lat' dir='ltr'>phi-</span> 
     </span>
     <span class='ocr_line' id='line_1_27' title="bbox 162 2813 1331 2896; baseline -0.002 -18"><span class='ocrx_word' id='word_1_223' title='bbox 162 2813 217 2878; x_wconf 90' lang='lat' dir='ltr'>lol.</span> <span class='ocrx_word' id='word_1_224' title='bbox 242 2814 302 2876; x_wconf 87' lang='lat' dir='ltr'>vol</span> <span class='ocrx_word' id='word_1_225' title='bbox 325 2821 376 2888; x_wconf 79' lang='lat'>45,</span> <span class='ocrx_word' id='word_1_226' title='bbox 402 2818 478 2879; x_wconf 88' lang='lat' dir='ltr'>sect.</span> <span class='ocrx_word' id='word_1_227' title='bbox 506 2819 532 2893; x_wconf 89' lang='lat'>1,</span> <span class='ocrx_word' id='word_1_228' title='bbox 561 2820 650 2894; x_wconf 73' lang='lat'>1845,</span> <span class='ocrx_word' id='word_1_229' title='bbox 674 2835 704 2896; x_wconf 89' lang='lat' dir='ltr'>p.</span> <span class='ocrx_word' id='word_1_230' title='bbox 729 2821 769 2879; x_wconf 84' lang='grc'>47</span> <span class='ocrx_word' id='word_1_231' title='bbox 793 2831 870 2893; x_wconf 86' lang='lat' dir='ltr'>sqq,</span> <span class='ocrx_word' id='word_1_232' title='bbox 901 2813 1016 2891; x_wconf 88' lang='lat' dir='ltr'>quibus</span> <span class='ocrx_word' id='word_1_233' title='bbox 1039 2815 1118 2878; x_wconf 86' lang='lat' dir='ltr'>satis</span> <span class='ocrx_word' id='word_1_234' title='bbox 1140 2813 1244 2878; x_wconf 86' lang='lat' dir='ltr'>habeo</span> <span class='ocrx_word' id='word_1_235' title='bbox 1274 2813 1331 2877; x_wconf 91' lang='lat' dir='ltr'>ob·</span> 
     </span>
     <span class='ocr_line' id='line_1_28' title="bbox 165 2899 1331 2994; baseline -0.002 -18"><span class='ocrx_word' id='word_1_236' title='bbox 165 2913 366 2976; x_wconf 86' lang='lat' dir='ltr'>servationcs</span> <span class='ocrx_word' id='word_1_237' title='bbox 388 2899 557 2977; x_wconf 81' lang='lat' dir='ltr'>nonnullas</span> <span class='ocrx_word' id='word_1_238' title='bbox 579 2912 758 2994; x_wconf 80' lang='lat' dir='ltr'>singulares</span> <span class='ocrx_word' id='word_1_239' title='bbox 780 2912 910 2989; x_wconf 73' lang='lat' dir='ltr'>addere,</span> <span class='ocrx_word' id='word_1_240' title='bbox 933 2929 1013 2990; x_wconf 85' lang='lat' dir='ltr'>quas</span> <span class='ocrx_word' id='word_1_241' title='bbox 1038 2912 1070 2976; x_wconf 92' lang='lat' dir='ltr'>in</span> <span class='ocrx_word' id='word_1_242' title='bbox 1099 2910 1242 2992; x_wconf 83' lang='lat' dir='ltr'>legendis</span> <span class='ocrx_word' id='word_1_243' title='bbox 1266 2911 1331 2990; x_wconf 88' lang='lat' dir='ltr'>pri·</span> 
     </span>
     <span class='ocr_line' id='line_1_29' title="bbox 166 3007 1328 3090; baseline -0.003 -18"><span class='ocrx_word' id='word_1_244' title='bbox 166 3008 232 3072; x_wconf 86' lang='lat' dir='ltr'>scis</span> <span class='ocrx_word' id='word_1_245' title='bbox 253 3008 464 3089; x_wconf 84' lang='lat' dir='ltr'>scriptoribus</span> <span class='ocrx_word' id='word_1_246' title='bbox 488 3010 612 3090; x_wconf 80' lang='lat' dir='ltr'>collegi.</span> <span class='ocrx_word' id='word_1_247' title='bbox 658 3007 819 3074; x_wconf 83' lang='lat' dir='ltr'>Nonnulla</span> <span class='ocrx_word' id='word_1_248' title='bbox 850 3008 928 3084; x_wconf 73' lang='lat' dir='ltr'>ville¹</span> <span class='ocrx_word' id='word_1_249' title='bbox 958 3009 1056 3072; x_wconf 88' lang='lat' dir='ltr'>eliam</span> <span class='ocrx_word' id='word_1_250' title='bbox 1088 3009 1119 3072; x_wconf 90' lang='lat' dir='ltr'>in</span> <span class='ocrx_word' id='word_1_251' title='bbox 1151 3008 1328 3089; x_wconf 86' lang='lat' dir='ltr'>particulis.</span> 
     </span>
     <span class='ocr_line' id='line_1_30' title="bbox 167 3104 1328 3186; baseline -0.003 -16"><span class='ocrx_word' id='word_1_252' title='bbox 167 3106 208 3170; x_wconf 92' lang='lat' dir='ltr'>Id</span> <span class='ocrx_word' id='word_1_253' title='bbox 230 3107 374 3186; x_wconf 85' lang='lat' dir='ltr'>verbum,</span> <span class='ocrx_word' id='word_1_254' title='bbox 398 3105 488 3171; x_wconf 90' lang='lat' dir='ltr'>cuius</span> <span class='ocrx_word' id='word_1_255' title='bbox 511 3108 647 3172; x_wconf 85' lang='lat' dir='ltr'>maxime</span> <span class='ocrx_word' id='word_1_256' title='bbox 669 3107 719 3172; x_wconf 83' lang='lat' dir='ltr'>vis</span> <span class='ocrx_word' id='word_1_257' title='bbox 741 3112 801 3186; x_wconf 86' lang='lat' dir='ltr'>est,</span> <span class='ocrx_word' id='word_1_258' title='bbox 829 3122 1051 3184; x_wconf 87' lang='lat' dir='ltr'>nonnunquam</span> <span class='ocrx_word' id='word_1_259' title='bbox 1080 3107 1186 3185; x_wconf 85' lang='lat' dir='ltr'>etium,</span> <span class='ocrx_word' id='word_1_260' title='bbox 1215 3114 1252 3170; x_wconf 93' lang='lat' dir='ltr'>ut</span> <span class='ocrx_word' id='word_1_261' title='bbox 1273 3104 1328 3170; x_wconf 88' lang='lat' dir='ltr'>alii</span> 
     </span>
     <span class='ocr_line' id='line_1_31' title="bbox 163 3202 1329 3285; baseline -0.002 -16"><span class='ocrx_word' id='word_1_262' title='bbox 163 3212 356 3285; x_wconf 86' lang='lat' dir='ltr'>opponatur,</span> <span class='ocrx_word' id='word_1_263' title='bbox 379 3205 419 3270; x_wconf 90' lang='lat' dir='ltr'>ab</span> <span class='ocrx_word' id='word_1_264' title='bbox 442 3205 531 3270; x_wconf 82' lang='lat' dir='ltr'>initio</span> <span class='ocrx_word' id='word_1_265' title='bbox 555 3206 739 3274; x_wconf 84' lang='lat' dir='ltr'>collocetur.</span> <span class='ocrx_word' id='word_1_266' title='bbox 785 3203 938 3284; x_wconf 84' lang='lat' dir='ltr'>idemque</span> <span class='ocrx_word' id='word_1_267' title='bbox 959 3202 1046 3268; x_wconf 88' lang='lat' dir='ltr'>valet</span> <span class='ocrx_word' id='word_1_268' title='bbox 1068 3203 1100 3267; x_wconf 94' lang='lat' dir='ltr'>iu</span> <span class='ocrx_word' id='word_1_269' title='bbox 1117 3208 1203 3268; x_wconf 86' lang='lat' dir='ltr'>totus</span> <span class='ocrx_word' id='word_1_270' title='bbox 1220 3207 1329 3283; x_wconf 86' lang='lat' dir='ltr'>partes</span> 
     </span>
     <span class='ocr_line' id='line_1_32' title="bbox 165 3302 1329 3379; baseline -0.006 -12"><span class='ocrx_word' id='word_1_271' title='bbox 165 3302 408 3367; x_wconf 89' lang='lat' dir='ltr'>enunciationis.</span> <span class='ocrx_word' id='word_1_272' title='bbox 460 3302 512 3367; x_wconf 89' lang='lat' dir='ltr'>Sic</span> <span class='ocrx_word' id='word_1_273' title='bbox 542 3303 621 3368; x_wconf 86' lang='lat' dir='ltr'>Cato</span> <span class='ocrx_word' id='word_1_274' title='bbox 649 3303 685 3368; x_wconf 88' lang='lat' dir='ltr'>R.</span> <span class='ocrx_word' id='word_1_275' title='bbox 709 3304 746 3368; x_wconf 88' lang='lat' dir='ltr'>R.</span> <span class='ocrx_word' id='word_1_276' title='bbox 775 3321 801 3366; x_wconf 92' lang='lat' dir='ltr'>c.</span> <span class='ocrx_word' id='word_1_277' title='bbox 833 3308 867 3367; x_wconf 86' lang='lat' dir='ltr'>l:</span> <span class='ocrx_word' id='word_1_278' title='bbox 899 3304 1064 3364; x_wconf 79' lang='lat' dir='ltr'>Praedium</span> <span class='ocrx_word' id='word_1_279' title='bbox 1096 3305 1173 3379; x_wconf 90' lang='lat' dir='ltr'>quod</span> <span class='ocrx_word' id='word_1_280' title='bbox 1202 3306 1329 3378; x_wconf 84' lang='lat' dir='ltr'>primum</span> 
     </span>
     <span class='ocr_line' id='line_1_33' title="bbox 165 3399 1324 3480; baseline -0.001 -18"><span class='ocrx_word' id='word_1_281' title='bbox 165 3403 234 3476; x_wconf 90' lang='lat' dir='ltr'>siet,</span> <span class='ocrx_word' id='word_1_282' title='bbox 258 3403 284 3462; x_wconf 84' lang='lat' dir='ltr'>si</span> <span class='ocrx_word' id='word_1_283' title='bbox 306 3419 352 3466; x_wconf 87' lang='lat' dir='ltr'>me</span> <span class='ocrx_word' id='word_1_284' title='bbox 376 3404 503 3476; x_wconf 78' lang='lat' dir='ltr'>rogabis,</span> <span class='ocrx_word' id='word_1_285' title='bbox 528 3405 571 3462; x_wconf 93' lang='lat' dir='ltr'>sic</span> <span class='ocrx_word' id='word_1_286' title='bbox 596 3405 700 3464; x_wconf 88' lang='lat' dir='ltr'>dicam.</span> <span class='ocrx_word' id='word_1_287' title='bbox 747 3399 786 3464; x_wconf 88' lang='lat' dir='ltr'>H.</span> <span class='ocrx_word' id='word_1_288' title='bbox 810 3400 831 3465; x_wconf 93' lang='lat' dir='ltr'>l.</span> <span class='ocrx_word' id='word_1_289' title='bbox 861 3401 1072 3480; x_wconf 82' lang='lat' dir='ltr'>interrogatio</span> <span class='ocrx_word' id='word_1_290' title='bbox 1101 3400 1133 3464; x_wconf 89' lang='lat' dir='ltr'>in</span> <span class='ocrx_word' id='word_1_291' title='bbox 1169 3399 1324 3479; x_wconf 80' lang='lat' dir='ltr'>principio</span> 
     </span>
     <span class='ocr_line' id='line_1_34' title="bbox 163 3494 1325 3580; baseline -0.003 -18"><span class='ocrx_word' id='word_1_292' title='bbox 163 3498 320 3568; x_wconf 85' lang='lat' dir='ltr'>orationis</span> <span class='ocrx_word' id='word_1_293' title='bbox 343 3497 447 3576; x_wconf 83' lang='lat' dir='ltr'>posita</span> <span class='ocrx_word' id='word_1_294' title='bbox 470 3501 530 3576; x_wconf 86' lang='lat' dir='ltr'>est,</span> <span class='ocrx_word' id='word_1_295' title='bbox 559 3503 596 3562; x_wconf 85' lang='lat' dir='ltr'>ut</span> <span class='ocrx_word' id='word_1_296' title='bbox 622 3499 728 3580; x_wconf 80' lang='lat' dir='ltr'>magui</span> <span class='ocrx_word' id='word_1_297' title='bbox 741 3499 892 3562; x_wconf 85' lang='lat' dir='ltr'>momenti</span> <span class='ocrx_word' id='word_1_298' title='bbox 916 3515 987 3562; x_wconf 88' lang='lat' dir='ltr'>esse</span> <span class='ocrx_word' id='word_1_299' title='bbox 1009 3494 1216 3579; x_wconf 82' lang='lat' dir='ltr'>significetur.</span> <span class='ocrx_word' id='word_1_300' title='bbox 1238 3495 1272 3559; x_wconf 84' lang='lat' dir='ltr'>G.</span> <span class='ocrx_word' id='word_1_301' title='bbox 1287 3502 1325 3561; x_wconf 83' lang='lat'>4:</span> 
     </span>
     <span class='ocr_line' id='line_1_35' title="bbox 168 3594 1328 3674; baseline -0.005 -12"><span class='ocrx_word' id='word_1_302' title='bbox 168 3600 282 3662; x_wconf 83' lang='lat' dir='ltr'>Villam</span> <span class='ocrx_word' id='word_1_303' title='bbox 304 3601 453 3659; x_wconf 73' lang='lat' dir='ltr'>arbonam</span> <span class='ocrx_word' id='word_1_304' title='bbox 475 3617 531 3673; x_wconf 89' lang='lat' dir='ltr'>pro</span> <span class='ocrx_word' id='word_1_305' title='bbox 554 3601 642 3673; x_wconf 88' lang='lat' dir='ltr'>copia</span> <span class='ocrx_word' id='word_1_306' title='bbox 665 3599 832 3659; x_wconf 85' lang='lat' dir='ltr'>aedificato.</span> <span class='ocrx_word' id='word_1_307' title='bbox 877 3594 912 3660; x_wconf 83' lang='grc' dir='ltr'>(Ι.</span> <span class='ocrx_word' id='word_1_308' title='bbox 937 3601 973 3660; x_wconf 87' lang='lat'>6:</span> <span class='ocrx_word' id='word_1_309' title='bbox 995 3597 1115 3672; x_wconf 67' lang='lat' dir='ltr'>Aerem</span> <span class='ocrx_word' id='word_1_310' title='bbox 1132 3600 1237 3674; x_wconf 88' lang='lat' dir='ltr'>quibus</span> <span class='ocrx_word' id='word_1_311' title='bbox 1253 3599 1328 3658; x_wconf 83' lang='lat' dir='ltr'>locis</span> 
     </span>
     <span class='ocr_line' id='line_1_36' title="bbox 165 3693 1330 3772; baseline -0.001 -16"><span class='ocrx_word' id='word_1_312' title='bbox 165 3715 318 3770; x_wconf 87' lang='lat' dir='ltr'>conseras,</span> <span class='ocrx_word' id='word_1_313' title='bbox 343 3700 386 3757; x_wconf 87' lang='lat' dir='ltr'>sic</span> <span class='ocrx_word' id='word_1_314' title='bbox 409 3697 561 3757; x_wconf 85' lang='lat' dir='ltr'>observari</span> <span class='ocrx_word' id='word_1_315' title='bbox 586 3707 714 3772; x_wconf 80' lang='lat' dir='ltr'>oportet.</span> <span class='ocrx_word' id='word_1_316' title='bbox 759 3693 821 3758; x_wconf 90' lang='lat' dir='ltr'>lh:</span> <span class='ocrx_word' id='word_1_317' title='bbox 849 3699 973 3758; x_wconf 81' lang='lat' dir='ltr'>Vincam</span> <span class='ocrx_word' id='word_1_318' title='bbox 997 3716 1053 3772; x_wconf 92' lang='lat' dir='ltr'>quo</span> <span class='ocrx_word' id='word_1_319' title='bbox 1069 3701 1099 3756; x_wconf 88' lang='lat' dir='ltr'>in</span> <span class='ocrx_word' id='word_1_320' title='bbox 1116 3714 1187 3771; x_wconf 82' lang='lat' dir='ltr'>agro</span> <span class='ocrx_word' id='word_1_321' title='bbox 1210 3696 1330 3756; x_wconf 88' lang='lat' dir='ltr'>conseri</span> 
     </span>
     <span class='ocr_line' id='line_1_37' title="bbox 163 3791 1330 3869; baseline -0.002 -13"><span class='ocrx_word' id='word_1_322' title='bbox 163 3801 296 3869; x_wconf 86' lang='lat' dir='ltr'>oportet,</span> <span class='ocrx_word' id='word_1_323' title='bbox 320 3795 362 3854; x_wconf 85' lang='lat' dir='ltr'>sic</span> <span class='ocrx_word' id='word_1_324' title='bbox 386 3797 553 3866; x_wconf 77' lang='lat' dir='ltr'>observato.</span> <span class='ocrx_word' id='word_1_325' title='bbox 589 3793 683 3858; x_wconf 85' lang='lat' dir='ltr'>Ennii</span> <span class='ocrx_word' id='word_1_326' title='bbox 705 3793 742 3856; x_wconf 83' lang='lat' dir='ltr'>fr.</span> <span class='ocrx_word' id='word_1_327' title='bbox 759 3791 927 3860; x_wconf 82' lang='lat' dir='ltr'>Phoenicis</span> <span class='ocrx_word' id='word_1_328' title='bbox 950 3797 984 3858; x_wconf 82' lang='lat'>3:</span> <span class='ocrx_word' id='word_1_329' title='bbox 1009 3798 1083 3856; x_wconf 88' lang='lat' dir='ltr'>Plus</span> <span class='ocrx_word' id='word_1_330' title='bbox 1108 3797 1198 3856; x_wconf 84' lang='lat' dir='ltr'>miser</span> <span class='ocrx_word' id='word_1_331' title='bbox 1214 3797 1279 3868; x_wconf 85' lang='lat' dir='ltr'>sim,</span> <span class='ocrx_word' id='word_1_332' title='bbox 1303 3797 1330 3855; x_wconf 88' lang='lat' dir='ltr'>si</span> 
     </span>
     <span class='ocr_line' id='line_1_38' title="bbox 162 3890 1329 3966; baseline -0.002 -14"><span class='ocrx_word' id='word_1_333' title='bbox 162 3893 319 3952; x_wconf 79' lang='lat' dir='ltr'>eccleciam</span> <span class='ocrx_word' id='word_1_334' title='bbox 340 3894 431 3952; x_wconf 81' lang='lat' dir='ltr'>faxim</span> <span class='ocrx_word' id='word_1_335' title='bbox 455 3894 533 3966; x_wconf 91' lang='lat' dir='ltr'>quod</span> <span class='ocrx_word' id='word_1_336' title='bbox 558 3893 654 3952; x_wconf 86' lang='lat' dir='ltr'>dicem</span> <span class='ocrx_word' id='word_1_337' title='bbox 677 3893 752 3963; x_wconf 85' lang='lat' dir='ltr'>lore,</span> <span class='ocrx_word' id='word_1_338' title='bbox 782 3890 812 3955; x_wconf 93' lang='lat' dir='ltr'>h.</span> <span class='ocrx_word' id='word_1_339' title='bbox 837 3908 864 3955; x_wconf 86' lang='lat' dir='ltr'>c.</span> <span class='ocrx_word' id='word_1_340' title='bbox 889 3910 950 3956; x_wconf 85' lang='lat' dir='ltr'>sec.</span> <span class='ocrx_word' id='word_1_341' title='bbox 979 3890 1149 3956; x_wconf 90' lang='lat' dir='ltr'>Bothium:</span> <span class='ocrx_word' id='word_1_342' title='bbox 1179 3896 1204 3952; x_wconf 90' lang='lat' dir='ltr'>si</span> <span class='ocrx_word' id='word_1_343' title='bbox 1237 3893 1329 3951; x_wconf 82' lang='lat' dir='ltr'>lexim</span> 
     </span>
     <span class='ocr_line' id='line_1_39' title="bbox 163 3987 1330 4069; baseline 0.001 -20"><span class='ocrx_word' id='word_1_344' title='bbox 163 3987 223 4066; x_wconf 81' lang='lat' dir='ltr'>(ld)</span> <span class='ocrx_word' id='word_1_345' title='bbox 251 3992 330 4066; x_wconf 91' lang='lat' dir='ltr'>quod</span> <span class='ocrx_word' id='word_1_346' title='bbox 361 3993 456 4051; x_wconf 85' lang='lat' dir='ltr'>dicam</span> <span class='ocrx_word' id='word_1_347' title='bbox 487 3989 552 4050; x_wconf 86' lang='lat' dir='ltr'>iore</span> <span class='ocrx_word' id='word_1_348' title='bbox 582 3993 752 4056; x_wconf 81' lang='lat' dir='ltr'>scelestum.</span> <span class='ocrx_word' id='word_1_349' title='bbox 802 3989 907 4054; x_wconf 84' lang='lat' dir='ltr'>Pleni.</span> <span class='ocrx_word' id='word_1_350' title='bbox 939 3989 1010 4054; x_wconf 88' lang='lat' dir='ltr'>Aul.</span> <span class='ocrx_word' id='word_1_351' title='bbox 1043 3990 1122 4069; x_wconf 88' lang='lat' dir='ltr'>prol.</span> <span class='ocrx_word' id='word_1_352' title='bbox 1152 4008 1180 4051; x_wconf 89' lang='lat' dir='ltr'>v.</span> <span class='ocrx_word' id='word_1_353' title='bbox 1205 3993 1239 4053; x_wconf 89' lang='lat'>2:</span> <span class='ocrx_word' id='word_1_354' title='bbox 1262 3991 1330 4063; x_wconf 78' lang='lat' dir='ltr'>Ego</span> 
     </span>
     <span class='ocr_line' id='line_1_40' title="bbox 163 4082 1328 4167; baseline -0.002 -18"><span class='ocrx_word' id='word_1_355' title='bbox 163 4085 235 4149; x_wconf 82' lang='lat' dir='ltr'>Lar</span> <span class='ocrx_word' id='word_1_356' title='bbox 258 4107 321 4150; x_wconf 85' lang='lat' dir='ltr'>sum</span> <span class='ocrx_word' id='word_1_357' title='bbox 338 4089 505 4161; x_wconf 77' lang='lat' dir='ltr'>familiaris,</span> <span class='ocrx_word' id='word_1_358' title='bbox 522 4103 616 4166; x_wconf 88' lang='lat' dir='ltr'>quem</span> <span class='ocrx_word' id='word_1_359' title='bbox 631 4087 734 4152; x_wconf 88' lang='lat' dir='ltr'>locum</span> <span class='ocrx_word' id='word_1_360' title='bbox 758 4087 942 4152; x_wconf 78' lang='lat' dir='ltr'>Priscianus</span> <span class='ocrx_word' id='word_1_361' title='bbox 972 4087 1028 4162; x_wconf 85' lang='lat' dir='ltr'>lv,</span> <span class='ocrx_word' id='word_1_362' title='bbox 1058 4105 1087 4167; x_wconf 87' lang='lat' dir='ltr'>p.</span> <span class='ocrx_word' id='word_1_363' title='bbox 1112 4091 1173 4149; x_wconf 72' lang='lat'>692</span> <span class='ocrx_word' id='word_1_364' title='bbox 1196 4082 1328 4148; x_wconf 87' lang='lat' dir='ltr'>Putsch.</span> 
     </span>
     <span class='ocr_line' id='line_1_41' title="bbox 163 4182 1331 4266; baseline -0.003 -18"><span class='ocrx_word' id='word_1_365' title='bbox 163 4184 211 4248; x_wconf 86' lang='lat' dir='ltr'>sic</span> <span class='ocrx_word' id='word_1_366' title='bbox 235 4183 329 4249; x_wconf 86' lang='lat' dir='ltr'>citat:</span> <span class='ocrx_word' id='word_1_367' title='bbox 359 4187 424 4261; x_wconf 80' lang='lat' dir='ltr'>Ego</span> <span class='ocrx_word' id='word_1_368' title='bbox 455 4201 519 4246; x_wconf 87' lang='lat' dir='ltr'>eum</span> <span class='ocrx_word' id='word_1_369' title='bbox 547 4189 592 4246; x_wconf 86' lang='lat' dir='ltr'>lar</span> <span class='ocrx_word' id='word_1_370' title='bbox 622 4187 789 4266; x_wconf 78' lang='lat' dir='ltr'>familiaris,</span> <span class='ocrx_word' id='word_1_371' title='bbox 820 4195 853 4250; x_wconf 88' lang='lat' dir='ltr'>et</span> <span class='ocrx_word' id='word_1_372' title='bbox 881 4203 991 4248; x_wconf 88' lang='lat' dir='ltr'>rursus</span> <span class='ocrx_word' id='word_1_373' title='bbox 1018 4202 1051 4264; x_wconf 86' lang='lat' dir='ltr'>p.</span> <span class='ocrx_word' id='word_1_374' title='bbox 1084 4189 1175 4248; x_wconf 73' lang='lat'>1465.</span> <span class='ocrx_word' id='word_1_375' title='bbox 1229 4182 1272 4261; x_wconf 90' lang='lat' dir='ltr'>ll,</span> <span class='ocrx_word' id='word_1_376' title='bbox 1303 4189 1331 4260; x_wconf 86' lang='lat' dir='ltr'>l,</span> 
     </span>
    </p>
   </div>
   <div class='ocr_carea' id='block_1_3' title="bbox 0 0 1528 4770">
    <p class='ocr_par' dir='ltr' id='par_1_6' title="bbox 0 0 1528 4770">
     <span class='ocr_line' id='line_1_42' title="bbox 0 0 1528 4770; baseline 0 0"><span class='ocrx_word' id='word_1_377' title='bbox 0 0 1528 4770; x_wconf 95' lang='lat' dir='ltr'> </span> 
     </span>
    </p>
   </div>
  </div>
 </body>
</html>
