3090 4768
458 207 497 247 DE
512 207 664 250 amandato
678 209 717 250 ET
731 209 910 254 GERUNDIVO.
1224 221 1263 286 51

24 457 25 462 ,
107 392 352 482 perspicuitatis
380 395 486 460 studio
518 397 651 463 alteram
680 400 837 466 rariorem
865 401 983 484 eligere
1011 405 1174 485 poterant,
1208 409 1267 472 ant

24 489 25 580 J
106 507 222 554 sonum
258 491 419 571 ingratam
455 494 593 561 evitandi
631 515 708 562 cura
742 498 845 580 magis
881 499 1033 566 usitatam
1070 500 1264 584 negligere*

111 586 236 652 Probat
267 593 373 653 tamen
400 589 441 655 ib.
470 591 621 675 Herzogii
650 595 692 661 ad
722 594 812 662 Caes.
840 595 1063 678 133313
1092 601 1200 675 (naves
1224 633 1262 648 -

108 684 267 766 religandi
290 691 443 767 potestas)
468 696 593 757 sentent
594 693 656 758 iam
669 694 820 761 dicentis:
860 692 948 769 ,litt
970 692 1064 759 33313
1079 694 1264 776 33133333

110 784 211 866 qcont
234 784 343 862 ioldpcc
366 781 536 864 1333113333
562 789 651 854 burin
675 809 710 874 gu
733 791 840 876 liugan,
863 788 922 868 331
945 791 1074 872 buturo)
1097 791 1143 856 tic
1158 792 1263 872 13333·

109 883 185 966 lang
221 881 370 966 jclcamol
402 883 565 968 3131311333
598 891 661 953 333
697 889 851 976 gicidpium
885 889 1057 974 qenctiidpct
1094 890 1266 978 lorgedellt

110 977 219 1042 3133.
267 981 411 1063 Denique
439 1001 468 1065 p.
496 991 556 1052 138
584 988 674 1053 dicit:
712 989 781 1070 „Ex
802 1021 844 1034 ——
867 990 1146 1070 grammaticorum
1174 991 1267 1057 dubi-

106 1077 230 1142 tatione
254 1085 287 1144 et
309 1079 515 1149 fluctuatione
536 1085 597 1151 hoc
620 1085 747 1152 videtur
770 1087 877 1169 colligi
899 1087 1036 1168 debere,
1067 1089 1172 1152 neutri
1193 1107 1266 1153 ver·

110 1173 223 1240 borum
254 1179 365 1258 generi
393 1182 551 1260 gerundia
579 1201 650 1249 esse
673 1183 887 1251 ascribenda.u
933 1184 992 1252 Cet
978 1189 1081 1250 terum
1106 1185 1266 1266 quomodo

108 1271 259 1338 differant
245 1277 478 1356 tgerundium
507 1284 540 1345 et
565 1281 768 1363 participium
799 1283 839 1348 ab
861 1281 1031 1364 infinitivo,
1065 1283 1137 1400 vide
1161 1283 1266 1349 Stein-

108 1371 290 1437 thalinml.
315 1391 339 1438 c.
362 1393 392 1455 p
417 1381 488 1443 373

197 1477 225 1534 1.
248 1473 460 1537 Nomtootivus
479 1476 666 1552 gerundivi
657 1476 716 1558 igit
717 1496 765 1556 ur,
788 1481 826 1542 ut
812 1476 996 1556 tvidimus,
1026 1478 1154 1562 proprie
1175 1497 1264 1554 proc-

107 1570 198 1630 ccatts
223 1570 426 1650 participium
450 1580 508 1638 eat.
553 1575 699 1656 Apparet
724 1574 784 1641 hoc
808 1593 846 1640 ex
867 1575 938 1641 loco
961 1576 1055 1641 Ennii
1078 1576 1180 1640 annal.
1204 1577 1264 1641 inc.

111 1666 197 1732 sedis
222 1665 335 1749 fragm.
360 1673 415 1734 60:
439 1669 560 1735 Clamor
583 1677 619 1736 ad
643 1677 758 1735 caelum
780 1675 938 1737 solvendas
960 1693 1015 1752 per
1036 1678 1161 1736 aethera
1175 1678 1265 1750 vagit,

109 1757 309 1845 ἑλισσόμενος,
332 1765 369 1831 31.
394 1767 561 1833 Ritschelii
581 1786 708 1852 parerg.
731 1770 757 1850 I,
780 1788 810 1851 p.
835 1775 886 1851 27,
909 1771 1024 1836 deinde
1047 1789 1085 1836 ex
1107 1771 1266 1838 adiectivo

107 1865 268 1940 osteodes,
291 1865 376 1943 qnod
398 1869 449 1930 ter
471 1866 556 1948 apud
572 1867 709 1934 Ennium
732 1869 862 1950 legitur,
884 1889 914 1933 v.
931 1869 995 1934 ind.
1013 1868 1145 1934 Vahlen.
1164 1867 1265 1951 [apud

110 1963 237 2024 ceteros
267 1968 378 2040 poetas
408 1965 549 2030 scenicos
575 1965 735 2031 invenitur
762 1963 943 2048 nusquam}
988 1965 1021 2033 Si
1049 1968 1172 2033 accedit
1193 1985 1265 2032 ver·

111 2054 182 2120 bum
209 2057 453 2135 substantivum,
484 2063 688 2144 nanciscitur,
721 2064 986 2146 quemadmodum
1011 2077 1115 2146 ‘snpra
1137 2064 1265 2146 exposi-

109 2161 175 2219 tum
198 2163 259 2233 est,
284 2155 545 2238 significationem
567 2162 776 2243 necessitatis,
799 2163 855 2228 sed
879 2179 976 2243 quum
998 2181 1056 2244 per
1077 2181 1112 2227 se
1135 2164 1278 2243 quidem*

113 2271 172 2317 non
196 2255 326 2319 insitio
351 2253 464 2322 suffixo
486 2261 579 2339 odos,
612 2263 648 2323 nt
669 2260 829 2342 passivam
852 2259 971 2326 habeat
992 2257 1263 2340 significationem,

112 2367 338 2432 nonnunquam
373 2356 469 2420 etiam
497 2357 676 2440 gerundiva
702 2350 873 2425 verborum
898 2357 1173 2422 intransitivorum
1200 2355 1266 2420 for·

114 2455 199 2514 mata
230 2457 313 2514 sunt.
360 2451 411 2517 Sic
439 2453 518 2518 dixit
538 2455 672 2520 Plautus
694 2457 787 2537 Epid.
811 2455 836 2535 Ι,
863 2461 889 2535 l,
928 2459 1113 2532 7021>¹¹1>i>i⁸
1138 2463 1266 2531 11119111·

113 2548 179 2609 tuat
209 2551 303 2625 proba
328 2557 361 2612 et
384 2549 468 2614 Trio.
492 2552 529 2624 V,
554 2547 585 2632 2,
607 2558 661 2622 35:
696 2555 727 2617 Si
753 2558 807 2616 1113
829 2557 883 2616 tibi
905 2557 1015 2631 placet,
1040 2553 1188 2628 ptucetdu
1210 2554 1266 2614 dos

115 2651 258 2722 quoquest
279 2649 368 2723 quam‘
390 2652 440 2710 dut
465 2653 529 2713 tibi.
564 2651 816 2717 Transitivorum
839 2657 946 2717 autem
961 2643 1138 2732 gerundiva
1158 2666 1267 2714 neces-

116 2741 221 2807 sitatis
249 2745 371 2809 notioni
398 2765 526 2828 semper
553 2749 734 2814 adiunctam
764 2748 884 2815 habent
906 2745 1169 2829 significationem
1192 2765 1267 2827 pas·

114 2840 225 2904 sinam.
272 2841 324 2906 Sic
347 2845 426 2909 Eun.
450 2845 554 2911 annal.
578 2847 646 2926 ll,
670 2845 708 2911 ir.
733 2851 783 2925 34,
806 2867 836 2911 v.
859 2851 917 2912 46:
955 2850 1008 2909 tibi
1038 2851 1109 2908 auat
1130 2856 1199 2908 ente
1222 2847 1267 2918 fe-

112 2942 221 3000 rendae
244 2946 422 3005 Aerumnae.
467 2944 571 3009 Plaut.
594 2943 711 3010 Bacch.
735 2943 776 3019 Π,
802 2951 830 3025 3,
854 2949 911 3010 91:
945 2947 1030 3006 Nunc
1053 2946 1170 3005 tibimet
1191 2946 1264 3005 illuc

115 3043 180 3099 navi
206 3042 416 3115 capiundumst
443 3045 509 3104 iter.
555 3043 669 3107 Bacch
693 3061 723 3106 v
747 3046 826 3106 625:
862 3043 1063 3105 consolandus
1090 3044 1137 3102 hio
1161 3039 1266 3117 [nunc]

114 3139 223 3200 33113133.
271 3136 325 3216 IV,
341 3145 370 3214 4,
386 3143 445 3202 40:
470 3159 546 3201 nunc
570 3143 625 3203 hoo
649 3139 704 3202 tibi
727 3141 927 3209 3333333333,
949 3141 1103 3200 03333313.
1143 3141 1266 3215 9,122;

116 3235 145 3294 31
181 3240 250 3312 plus
277 3239 468 3310 paecedunt
501 3242 546 3300 sit.
600 3237 666 3301 Mil.
691 3257 719 3302 v.
744 3243 784 3302 34
808 3255 868 3318 sq:
905 3236 1130 3298 Perhaorieoolo
1164 3234 1265 3312 [haec]

115 3339 183 3394 sunt
207 3367 247 3377 -
270 3335 311 3394 Et
337 3336 581 3398 adsentandumst
608 3338 748 3414 quidquid
776 3338 825 3398 hic
855 3335 1037 3398 mentibitur.
1080 3331 1176 3396 Poen.
1209 3331 1271 3414 lv,

118 3433 144 3506 2,
170 3435 246 3495 105:
285 3435 325 3492 Et
357 3435 430 3495 illud
466 3444 564 3497 autem
597 3435 816 3495 tutamentum
849 3435 1032 3495 consiliumet
1066 3436 1267 3497 vernaculum.

117 3525 197 3590 Rud.
221 3527 261 3606 V,
286 3533 314 3606 2,
343 3537 394 3594 ll:
430 3533 593 3594 Adeoodas
618 3536 658 3592 mi
681 3535 743 3593 illic
766 3537 809 3591 cst
829 3534 924 3594 horno.
970 3527 1095 3593 Terent.
1122 3529 1216 3593 Andr.
1241 3531 1267 3609 Ι,

120 3629 246 3698 1,129:
283 3631 329 3689 313
356 3635 482 3705 primum
511 3634 548 3692 ab
576 3634 627 3692 illo
658 3629 922 3692 animaduertenda
944 3629 1088 3687 iniuriast.
1133 3643 1162 3687 v.
1189 3633 1267 3692 140:

118 3725 174 3797 Qui
195 3728 237 3784 mi
260 3729 428 3790 exorandos
448 3735 498 3792 est.
545 3733 573 3807 5,
601 3733 655 3792 19:
678 3746 752 3788 uxor
774 3729 831 3788 tibi
851 3725 1020 3800 ducendast,
1044 3722 1083 3786 ad
1107 3738 1135 3801 q.
1158 3722 1179 3788 l.
1202 3725 1267 3789 Do·

118 3824 225 3885 natus:
255 3821 356 3898 „Mire
380 3824 540 3891 ducenda:
564 3842 689 3904 semper
710 3823 769 3888 hoc
793 3839 893 3903 genus
916 3819 1133 3884 declinationis
1156 3840 1266 3886 neces·

119 3918 245 3983 sitatem
268 3922 440 3986 ostendit.“
483 3923 565 3987 Eun.
588 3922 613 4001 I,
637 3928 666 4001 2,
692 3927 744 3985 17:
773 3922 942 3983 faciundum
965 3918 1035 3992 1313,
1058 3919 1113 3982 ubi
1135 3919 1268 3983 Donat:

120 4019 320 4095 ,Legendum,
344 4020 523 4096 faciundum,
549 4023 790 4092 scribendum,t
792 4025 879 4082 otum
902 4014 961 4080 hoc
983 4033 1109 4095 semper
1131 4015 1269 4079 necessi-

119 4114 1268 4198 333133133313333*Π,1,16.11333133333333133333333331113133

118 4215 216 4277 animi
270 4212 395 4279 Phorm.
425 4214 451 4292 I,
481 4222 510 4295 2,
539 4220 572 4280 6:
612 4218 710 4292 Siquis
744 4217 814 4290 quid
846 4212 959 4283 reddit,
997 4229 1102 4286 magna
1134 4207 1274 4272 tutata

1015 4310 1061 4375 4*
