3048 4770
261 171 324 231 294
562 165 625 204 OAP.
638 165 687 206 XV.
713 164 862 205 DOCTRINA
878 163 1128 204 somnolentorum.

262 369 321 432 pro
345 357 424 414 recto
446 357 505 417 oio.
552 351 619 416 Mil.
645 351 699 430 Ν,
724 361 752 431 4,
778 355 832 416 56:
852 371 976 428 prosum
998 356 1132 417 Athenas
1155 357 1303 431 protinam
1327 353 1415 414 abibo

260 458 368 513 tecum.
414 449 501 515 Pers.
526 450 580 530 IV,
605 457 633 528 5,
658 459 691 515 h:
716 455 875 528 Simulato,
899 455 984 527 quasi
1007 469 1060 516 eas
1077 471 1220 526 prorsum
1248 455 1277 511 in
1301 467 1416 510 narem.

260 545 389 610 Terent.
414 547 473 612 Ad.
497 547 553 626 IV,
578 553 606 624 2,
635 555 687 614 ll:
713 553 777 611 vide
803 570 838 610 ne
863 552 913 611 ille
938 551 995 610 hnc
1014 568 1140 624 prorsus
1162 569 1194 612 se
1217 553 1334 624 inruat,
1362 545 1418 610 ubi

260 662 288 707 v.
311 643 438 708 Ruhnlr.
463 652 496 709 et
519 643 556 709 ci.
581 646 676 710 Herz.
707 647 746 710 ad
778 645 851 712 Sall.
876 665 905 726 p.
939 650 1008 712 118.
1054 647 1201 727 Denique
1229 645 1347 710 dicitur
1377 643 1418 706 de

260 741 372 819 rebus,
396 759 478 821 qnae
501 743 553 807 vel
576 743 691 808 dubiae
714 744 765 808 vel
788 744 904 808 nimiae
921 743 1022 808 videri
1039 749 1190 823 possunt,
1213 740 1421 822 designandis

260 843 294 902 et
317 837 538 905 confirmandis
569 841 629 913 (sic
652 840 798 908 Handius
820 840 876 920 IV,
900 859 929 920 p.
959 846 1036 920 617,
1067 860 1162 922 quem
1185 841 1257 906 vide
1286 841 1319 904 in
1351 836 1422 902 uni-

261 955 388 1001 versum
413 934 451 1000 de
475 943 543 1002 toto
568 957 628 1004 usu
650 939 745 1006 huius
768 938 967 1020 particulae).
1007 937 1058 1004 Sic
1079 941 1207 1004 Terent.
1231 940 1312 1002 Eun.
1330 934 1373 1014 ΙΙ,
1390 940 1420 1013 3,

262 1040 314 1098 15;
340 1038 386 1096 Ita
402 1055 544 1110 prorsum
567 1040 676 1100 oblitus
700 1059 762 1100 sum
786 1042 853 1102 mei.
877 1071 918 1082 ·-
941 1039 1099 1099 Protiuum
1114 1038 1218 1102 Pleut.
1235 1034 1301 1098 Mil.
1319 1032 1376 1108 Ν,
1392 1038 1423 1108 4,

261 1136 623 1210 communetotum
647 1139 803 1209 protinam
833 1139 920 1198 abiho
944 1147 1050 1200 tecum.
1078 1169 1121 1180 -—
1150 1139 1298 1214 Quopiom
1326 1130 1423 1194 Most.

260 1229 315 1306 Ν,
339 1235 375 1311 2,
401 1236 449 1294 50.
494 1236 614 1309 Quoquo
637 1231 735 1298 Mero.
760 1233 797 1312 V,
822 1237 857 1312 2,
892 1237 940 1296 17.
985 1236 1133 1310 Quorsum
1163 1225 1291 1297 Terent.
1322 1227 1421 1292 Andr.

259 1326 284 1408 1,
310 1335 338 1408 5,
363 1333 421 1394 29:
446 1333 558 1392 Misera
580 1335 670 1391 timeo
695 1329 861 1409 ,incertum‘
886 1333 941 1391 hoe
964 1349 1104 1404 quorsum
1128 1334 1262 1408 accidat,
1285 1327 1314 1391 h.
1340 1343 1368 1390 e.
1392 1324 1425 1388 in

257 1443 352 1506 quem
376 1445 484 1492 rerum
508 1432 628 1491 statum
653 1433 805 1492 transeat.
852 1428 893 1506 11,
917 1433 952 1506 2,
977 1433 1034 1492 24:
1057 1432 1204 1506 Quorsum
1230 1447 1296 1488 nam
1322 1425 1425 1486 istnc?

258 1529 368 1606 Quouis
390 1526 494 1589 Plaut.
517 1524 612 1590 Most.
635 1545 664 1588 v.
689 1530 765 1589 888:
793 1530 860 1589 cibo
884 1527 1010 1603 perduci
1032 1530 1149 1602 poteris
1172 1529 1284 1600 quouis.
1330 1525 1424 1582 Retro

259 1622 354 1686 Ennii
370 1623 466 1687 Sotae
490 1622 526 1688 ir.
551 1630 584 1687 5:
608 1630 688 1684 retro
711 1627 845 1686 reccidit.
883 1625 1031 1698 Rursum,
1056 1621 1262 1688 Contractum
1286 1639 1304 1685 e
1325 1638 1425 1681 recer-

257 1739 343 1798 sum,
365 1719 500 1800 primum
524 1719 586 1785 loei
610 1718 874 1801 significationem
898 1721 1012 1800 hahet,
1034 1747 1079 1775 =
1101 1726 1350 1796 retroversum,
1376 1734 1424 1780 re·

261 1821 422 1896 trcrsum,
445 1818 498 1881 ubi
521 1817 652 1882 additur
673 1836 899 1898 nonnunquam
922 1837 982 1898 per
997 1818 1215 1899 pleonasmus]
1232 1835 1356 1879 vorsum
1374 1811 1423 1889 (ci.

261 1917 400 1978 deorsum
433 1935 550 1994 ausus,
581 1915 620 1978 de
654 1933 717 1994 quo
745 1935 772 1978 n.
803 1914 923 1996 supra).
973 1914 1185 1996 Coniungitur
1219 1916 1317 1980 etiam
1352 1929 1424 1978 cnm

254 2031 408 2094 prorsum,
440 2011 489 2076 cui
521 2012 702 2092 oppositum
736 2023 793 2078 est,
840 2011 1037 2094 significatio
1065 2013 1175 2078 localis
1206 2031 1241 2078 se
1265 2009 1426 2076 convertit

260 2110 294 2173 in
317 2109 397 2192 sign.
420 2112 578 2192 repetitae
600 2111 748 2190 actionis,
778 2129 872 2192 quam
903 2111 930 2174 si
958 2111 1181 2192 aggredimur,
1212 2107 1305 2190 qnasi
1336 2112 1425 2172 retro

266 2209 420 2272 vertimus
449 2227 515 2275 nos.
568 2209 671 2290 Saepe
702 2214 807 2273 tamen
840 2227 898 2290 per
928 2209 1146 2289 pleonasmum
1175 2207 1226 2273 vel
1255 2210 1291 2270 ut
1325 2205 1426 2269 maior

264 2305 312 2369 vis
336 2306 459 2370 notioni
482 2308 620 2372 addatur
644 2306 847 2386 coniungitur
871 2325 943 2372 cum
966 2307 1073 2372 verbis
1096 2325 1154 2387 per
1176 2326 1210 2368 ro
1229 2303 1423 2384 compositis.

259 2402 363 2468 Plaut.
400 2404 514 2486 Amph.
543 2404 582 2485 V,
614 2410 649 2484 1,
678 2408 731 2466 60:
763 2407 827 2480 Ego
858 2425 950 2467 cunas
980 2409 1122 2467 recessim
1153 2423 1277 2466 rursum
1307 2419 1425 2463 cusum

263 2507 385 2564 trahere
409 2511 439 2564 et
463 2508 586 2579 ducere,
610 2502 695 2580 quod
725 2501 856 2566 Taubm.
881 2503 1020 2582 explicat
1042 2519 1101 2581 per
1122 2507 1294 2580 retrorsum.
1334 2498 1425 2579 Epio.

261 2597 312 2678 ΙΙ,
338 2605 374 2679 2,
399 2605 456 2664 63;
485 2603 578 2676 Coepi
598 2609 721 2661 'rursum
742 2620 861 2662 uersum
887 2603 924 2662 ad
954 2605 1023 2662 illas
1051 2604 1237 2677 pauxillatim
1268 2602 1423 2660 accedere.

264 2697 354 2778 Capi.
380 2703 403 2777 Ι,
429 2703 459 2776 2,
485 2702 541 2762 19:
564 2701 637 2758 Inde
660 2717 706 2760 me
731 2704 871 2762 continno
890 2701 1032 2774 recipiam
1054 2717 1158 2760 rusum
1182 2701 1309 2758 domum.
1350 2694 1425 2760 cist.

264 2795 307 2874 II,
332 2801 361 2874 3,
386 2800 440 2859 to:
462 2814 584 2858 recurro
598 2814 652 2871 ego
671 2815 801 2860 rursum.
846 2795 913 2860 Mil.
933 2795 1131 2880 111,1,1os:
1155 2815 1257 2856 rusum
1273 2799 1426 2854 restitues.

266 2892 394 2958 Terent.
419 2893 500 2956 Eun.
524 2891 579 2963 IV,
605 2897 633 2973 2,
660 2897 692 2957 6;
716 2896 807 2959 redeo
831 2914 959 2976 rursum.
1006 2893 1142 2971 Adelph.
1163 2893 1192 2972 l,
1221 2900 1249 2971 l,
1274 2897 1335 2954 46:
1358 2911 1425 2952 rur-

264 3010 330 3052 sum
358 2994 395 3053 ad
425 2994 573 3067 ingenium
598 2993 684 3055 redit.
729 2991 857 3056 Phorm.
889 2991 927 3067 V,
954 2995 989 3066 8,
1018 2995 1075 3056 29:
1107 2996 1274 3068 Argentum
1304 3006 1427 3052 rursum

208 3151 210 3154 .
264 3092 331 3151 iube
355 3092 487 3151 rescribi.
532 3088 608 3153 Heo.
624 3088 693 3168 ΙΙΙ,
720 3097 747 3168 l,
771 3095 828 3154 35:
852 3091 1010 3165 Trepidari
1039 3093 1136 3150 sentio
1160 3097 1192 3150 et
1219 3091 1339 3149 cursari
1361 3107 1427 3148 rur-

264 3207 330 3250 sum
347 3207 508 3266 prorsum,
533 3185 698 3251 ricimdrti
724 3185 787 3250 uno
812 3185 979 3250 normdttd.
1018 3185 1122 3268 Plaut.
1139 3184 1209 3250 Ges.
1227 3185 1299 3265 prol
1326 3205 1354 3248 v.
1375 3189 1426 3248 33:

262 3306 379 3347 rursum
406 3289 510 3348 denuo.
560 3284 687 3350 Terent.
712 3285 792 3348 Eun.
817 3284 842 3364 1,
870 3290 897 3362 l,
925 3289 978 3348 16:
1002 3287 1129 3362 Bellum,
1152 3303 1210 3361 pax
1233 3301 1368 3344 rursum.
1388 3311 1428 3323 -

264 3382 373 3442 Susum
397 3384 549 3467 (sursum)
573 3371 652 3448 C'ato
676 3382 712 3446 R.
734 3382 770 3446 R.
795 3401 820 3446 o.
841 3373 923 3446 1575
940 3386 983 3442 ita
999 3384 1156 3444 subducite
1172 3385 1299 3443 animam
1317 3398 1427 3440 susum.
1497 3387 1498 3442 l

265 3476 337 3541 Alia
359 3480 506 3560 exempla
530 3480 604 3545 vide
625 3479 657 3544 in
678 3479 798 3545 lexicis.
822 3514 865 3525 -
889 3483 977 3544 Ultro
997 3481 1034 3556 c),
1054 3463 1188 3544 localem
1210 3477 1310 3541 habet
1334 3475 1428 3555 signi·

261 3573 442 3642 ficationem
467 3576 570 3658 Plaut.
598 3578 709 3660 Amph.
734 3577 759 3656 I,
790 3585 815 3654 1.
842 3583 919 3658 164,
943 3577 979 3644 ci.
1004 3578 1064 3642 vol.
1089 3578 1120 3656 1,
1149 3579 1283 3658 6.,282.
1337 3573 1427 3653 (lapi.

263 3672 323 3752 ΙΙΙ,
346 3680 375 3750 4,
402 3679 456 3740 19:
484 3678 569 3738 Ultro
593 3682 683 3738 istum
708 3698 725 3740 a
748 3659 803 3740 me.
847 3676 882 3755 sl)
913 3675 961 3738 Ex
985 3674 1044 3738 hec
1067 3671 1300 3754 significatione
1325 3671 1428 3735 oritur

262 3771 381 3850 altera,
404 3790 469 3851 qna
491 3772 558 3839 lere
578 3775 663 3841 idem
688 3781 738 3840 est
761 3792 790 3853 q.
814 3776 903 3853 odeo,
928 3773 1074 3852 proprie:
1098 3771 1184 3852 quod
1207 3769 1313 3834 locum
1335 3785 1426 3832 exce·
1496 3775 1497 3826 1

261 3869 318 3936 dit.
365 3869 416 3936 Sic
441 3870 553 3954 Amph.
577 3873 624 3951 ll,
652 3879 686 3953 1,
710 3878 760 3938 40.
808 3872 896 3936 Pers.
920 3869 963 3950 ΙΙ,
988 3875 1021 3949 5,
1045 3875 1096 3934 26.
1141 3867 1311 3934 TenEun.
1336 3865 1373 3944 V,
1398 3869 1425 3940 2,

262 3973 312 4033 21.
355 3968 483 4033 Phorm.
508 3969 549 4050 II,
574 3977 603 4050 3,
633 3976 681 4036 13.
715 3979 743 4046 γ)
767 3971 815 4036 De
831 3968 956 4033 actione
973 3968 1099 4047 dicitur,
1116 3985 1199 4048 quae
1216 3983 1255 4030 ex
1271 3961 1424 4028 ulteriore

263 4073 373 4148 parte,
404 4066 433 4131 h.
457 4087 484 4132 e.
513 4067 599 4134 nullo
622 4070 805 4134 adiumento
830 4084 955 4144 eorum,
986 4083 1068 4145 quae
1091 4067 1172 4130 citra
1198 4068 1287 4142 sunt,
1318 4058 1423 4140 prodit
1495 4049 1496 4130 i

261 4166 321 4242 (sic
344 4157 524 4232 Freundius
561 4168 593 4230 in
613 4167 717 4238 lexico
740 4166 820 4231 hanc
843 4164 922 4246 sign.
947 4165 1093 4237 demeat).
1139 4165 1191 4231 Sic
1212 4161 1317 4227 Plaut.
1337 4156 1429 4222 Truc.

1481 4377 1495 4726 l
