3076 4762
265 171 324 232 140
688 165 816 208 vsnnuu.
845 163 907 204 cnr.
923 165 971 202 xii.

261 369 289 415 v.
314 355 390 415 530:
415 371 492 414 nunc
516 371 571 427 ego
593 355 674 413 illam
698 373 744 415 me
767 356 854 415 aetna
877 356 1066 416 convenire:
1092 362 1127 414 'v.
1152 353 1229 414 630:
1252 351 1338 413 Unde
1363 353 1421 410 lna·

261 450 367 513 team?
411 467 440 512 v.
465 453 526 513 635
548 449 755 528 potentialem
779 451 923 531 sequitur
946 447 1180 515 conditionalis:
1211 447 1244 508 sa·
1266 450 1338 508 mihi
1366 449 1418 524 sit,

261 566 319 608 uon
337 549 491 622 pollicear.
507 546 579 611 MN.
597 549 674 616 Seio,
689 549 784 612 dorca.
819 567 846 612 v.
864 551 940 612 636:
963 550 1023 608 nisi
1037 563 1127 623 ames,
1150 565 1227 606 nunc
1251 547 1305 605 tibi
1326 546 1419 604 fidem

262 647 387 706 habeam
411 653 534 708 tantam.
558 643 613 718 IV,
630 651 660 723 4,
685 651 739 709 27:
763 650 825 716 Pol
839 654 871 707 tu
893 665 979 723 quam
1003 665 1080 706 nuuc
1103 663 1149 705 mc
1165 659 1297 704 acmsaes
1312 645 1420 718 magis,

260 745 289 804 si
300 745 392 818 magis
405 761 466 803 rem
479 745 603 804 moeris.
628 762 655 805 v.
673 747 730 806 46:
746 746 839 818 Quem
855 747 882 804 sa'
910 744 991 822 [ego]
1005 761 1096 820 orem,
1110 749 1142 802 ut
1155 745 1196 802 uil
1212 743 1284 802 mihi
1299 743 1417 814 credat,

261 842 291 902 id
308 858 366 900 nou
382 842 479 900 anesii
501 841 634 903 credere.
659 844 687 916 8,
713 847 767 907 75:
793 845 822 902 ui
836 875 880 886 -
894 842 982 916 foret,
1007 875 1045 885 -
1074 843 1265 916 opprimeret.
1289 841 1416 916 a‚126:

262 941 339 1013 Quin
368 955 422 1014 ego
451 940 518 1000 istic
546 940 623 1014 quod
652 927 867 1014 perdundumst
891 957 1051 1014 properem
1079 937 1230 1014 perdere?
1260 935 1353 1000 Most.
1380 938 1415 1014 V,

264 1039 292 1115 1,
316 1038 372 1097 26:
399 1038 688 1099 Verumsitcelim.
713 1035 924 1115 Monilia,
957 1042 1013 1100 35:
1041 1039 1106 1098 Nou
1136 1037 1243 1111 edepol
1271 1045 1310 1109 te,
1340 1035 1423 1108 qaod

260 1137 362 1210 sciam,
386 1151 522 1208 umquam
547 1142 616 1202 ante
640 1139 717 1196 linric
741 1135 819 1198 diem
847 1138 920 1198 Vidi.
963 1152 991 1197 v.
1017 1138 1073 1198 38:
1097 1138 1164 1195 Non
1186 1151 1294 1208 nepeta,
1317 1137 1346 1192 st
1366 1150 1422 1192 no-

260 1235 362 1294 cerim.
391 1230 445 1307 IV,
475 1235 504 1309 2,
534 1236 589 1294 77:
617 1235 671 1294 Pol
699 1237 771 1294 haut
798 1252 896 1309 rupem
926 1241 966 1302 ta,
988 1235 1022 1300 ¹st
1045 1235 1145 1293 sciam.
1170 1229 1235 1294 Mil.
1259 1230 1284 1310 1,
1310 1235 1337 1308 1,
1362 1233 1419 1293 20:

261 1333 344 1391 Nihil
375 1362 419 1372 —
448 1332 502 1390 hoc
532 1334 691 1406 quidemst,
720 1334 831 1392 Pracut
860 1335 919 1393 alia
948 1334 1052 1405 dicam,
1088 1341 1120 1390 tu
1154 1348 1229 1406 quae
1258 1347 1417 1404 numquam

262 1428 376 1502 feceris,
400 1426 441 1488 ad
464 1441 491 1504 q.
514 1426 535 1490 l.
560 1427 706 1493 Liudcm:
731 1427 823 1507 „Non
844 1427 987 1492 futurum
1010 1437 1155 1492 exactum
1179 1430 1239 1504 est,
1262 1424 1320 1489 sed
1334 1422 1417 1504 peri.

262 1524 340 1589 coui.
371 1523 562 1588 ioculariter
583 1526 744 1605 parasitus
766 1530 917 1604 tanquam
940 1527 980 1590 de
1014 1544 1072 1590 sua
1104 1524 1262 1589 sententia
1284 1522 1417 1603 profert,

262 1624 302 1687 de
330 1621 445 1702 quibus
470 1621 561 1686 facile
592 1623 676 1688 inter
698 1641 806 1688 omues
830 1625 1007 1688 constabat.
1052 1624 1112 1688 Est
1134 1623 1217 1686 euim
1240 1641 1315 1698 quae
1340 1641 1411 1682 nuo-

263 1741 349 1798 quam
373 1722 483 1782 feceris
505 1718 573 1784 fere
595 1721 678 1785 idem
694 1721 794 1801 quod:
820 1742 904 1799 quae,
929 1733 958 1782 u*
985 1725 1111 1792 videtur,
1136 1739 1281 1798 nunquam
1306 1720 1417 1794 fecisti,

262 1820 331 1881 uuo
356 1814 654 1899 innotuissemus)
679 1817 810 1882 clamatu
836 1817 947 1902 qetqun
972 1817 1065 1899 tulf
1113 1818 1171 1890 III,
1199 1827 1223 1894 i,
1252 1823 1327 1881 141:
1359 1820 1417 1892 Qui
1527 1807 1528 1810 ’

264 1919 387 1977 deornm
411 1917 538 1977 consilia
554 1921 663 1995 culpet,
686 1922 794 1980 stultus
816 1923 999 1995 inscitusque
1022 1923 1071 1997 sit,
1095 1917 1186 1995 adq.
1211 1923 1234 1978 l.
1258 1915 1417 1979 Lindem.:

263 2013 510 2092 „Coniunctivus
533 2014 565 2077 in
583 2033 630 2078 vv.
647 2019 745 2092 mipace
766 2051 808 2060 -
823 2021 864 2078 sa't
886 2017 1024 2097 ponitur,
1048 2022 1173 2079 utrem
1189 2013 1335 2078 universe
1356 2012 1420 2078 dici

260 2129 319 2176 nec
352 2129 540 2191 responsum
570 2113 733 2192 pertinere
762 2116 802 2179 ad
835 2115 1025 2190 Pleusidem,
1059 2114 1179 2178 urbane
1209 2109 1418 2192 significetur.

262 2209 322 2273 Eat
345 2209 428 2274 enim
451 2227 509 2290 pro
533 2227 580 2281 eo,
605 2212 689 2291 quod
713 2213 818 2277 dicere
842 2213 957 2284 voluit:
981 2212 1013 2276 Si
1037 2211 1107 2291 quis
1129 2209 1212 2274 forte
1236 2215 1286 2275 est
1305 2245 1346 2254 -
1364 2208 1418 2288 qui

262 2307 380 2389 culpet,
403 2307 430 2372 is
453 2308 560 2373 nescio
590 2327 631 2373 au
659 2311 777 2376 stultus
808 2311 879 2375 sitf‘
925 2331 952 2373 v.
987 2315 1046 2372 125
1078 2327 1152 2389 sqq:
1186 2313 1333 2370 Continuo
1369 2325 1417 2368 ec·

261 2408 413 2468 cruciarer
436 2411 539 2470 animi:
559 2411 607 2467 sin
629 2411 707 2471 forte
722 2411 777 2487 [ei]
793 2412 902 2484 fnisset
918 2412 1020 2482 lebris,
1046 2409 1199 2470 Censorem
1215 2410 1322 2468 emori:
1346 2408 1416 2467 ceci·

261 2507 386 2567 dissetve
419 2509 518 2568 ebrius
551 2509 587 2567 de
616 2526 727 2584 equove
760 2513 884 2585 uspiam,
913 2513 1078 2570 Metnerem
1106 2513 1166 2570 cet.
1191 2503 1288 2568 Mero.
1320 2501 1363 2582 II,
1387 2507 1416 2580 2,

267 2604 651 2681 immansionem
685 2610 738 2666 tibi
762 2627 883 2683 operam
907 2626 974 2667 esse
997 2616 1048 2666 ant
1071 2609 1172 2665 otium.
1213 2620 1242 2664 v.
1274 2607 1331 2666 30:
1361 2602 1419 2662 Sed

262 2703 396 2761 ausimne
417 2706 542 2778 egotibi
561 2705 676 2780 eloqui,
700 2708 728 2763 si
750 2708 820 2781 quid
843 2706 953 2768 celim?
997 2722 1026 2766 v.
1052 2708 1106 2768 39:
1129 2705 1156 2762 si
1170 2705 1286 2778 sapias,
1309 2719 1360 2761 eus
1382 2717 1416 2760 ac

262 2798 417 2859 decumbas
440 2801 526 2860 domi.
571 2819 597 2863 v.
624 2807 664 2864 70
688 2819 768 2880 sqq:

351 2898 426 2969 Quia
448 2901 501 2960 illa
524 2896 618 2960 formu
640 2914 761 2962 ciatrem
787 2903 914 2964 familias

350 2997 508 3070 Flagitium
530 3001 620 3059 sitsi
642 3005 803 3074 sequatur„
830 3003 947 3077 quando
970 3001 1089 3062 incedat
1110 3019 1166 3075 per
1189 3002 1261 3060 viae.

350 3095 560 3170 Contemplent
583 3101 769 3171 conspiciant
791 3119 904 3178 omnes,
925 3105 1038 3177 natent,
1062 3102 1182 3175 nectent,
1204 3098 1334 3173 sibilent,

355 3195 502 3262 Vellicent,
524 3202 633 3264 nocent,
657 3203 775 3259 molesti
798 3203 868 3269 sint,
892 3205 1039 3262 occentent
1061 3201 1183 3261 ostium:

348 3293 530 3364 Inpleantnr
552 3297 713 3372 elegiarum
739 3317 822 3358 meae
846 3298 926 3359 sores
950 3300 1141 3359 carbonibus:

349 3393 447 3464 Atque
472 3401 503 3450 ut
527 3410 603 3451 nunc
627 3403 695 3453 sunt
719 3399 932 3457 maledicentes
958 3399 1104 3471 homines,
1129 3397 1213 3455 uxori
1229 3411 1313 3452 meae

350 3490 481 3564 Mihique
505 3491 646 3552 obiectent
668 3496 845 3554 lenocinium
869 3495 979 3558 iacere.
1244 3495 1251 3508 '

264 3591 295 3663 4,
319 3588 371 3647 21:
396 3589 448 3647 Pol
472 3605 561 3648 sanus
584 3591 611 3646 sc'
633 3592 699 3667 sim,
724 3611 780 3652 uon
798 3601 827 3652 te
851 3595 997 3653 medicum
1021 3596 1059 3652 mi
1075 3596 1222 3666 expetam.
1247 3588 1306 3668 III,
1331 3593 1421 3666 1,20.

263 3699 292 3744 v.
315 3686 372 3766 40:
398 3687 496 3745 Etiam
522 3705 585 3746 cum
611 3707 702 3748 uxore
726 3708 783 3749 uon
808 3692 910 3750 cubet?
933 3695 963 3770 4,
986 3697 1021 3753 4:
1046 3691 1089 3750 Ni
1111 3692 1188 3750 oculi
1211 3691 1353 3749 lacrumis
1377 3689 1422 3748 de·
1521 3717 1522 3727 2

265 3779 400 3859 faueant,
432 3786 488 3843 iam
518 3785 624 3844 ardeat
663 3789 752 3847 credo
782 3797 879 3864 eaput.
908 3786 1025 3852 Pseud.
1058 3786 1081 3863 I,
1114 3793 1142 3862 2,
1167 3793 1203 3850 5:
1230 3790 1309 3861 Quos
1333 3803 1421 3860 quom

264 3878 367 3950 serius,
390 3882 443 3940 tibi
467 3885 533 3957 plus
557 3891 675 3944 noceas.
702 3889 729 3960 3,
755 3891 789 3946 7:
816 3887 948 3959 Quonam
972 3894 1062 3962 pacto
1078 3889 1205 3948 animum
1224 3888 1343 3945 vincere
1355 3903 1423 3959 pos·
1516 3891 1521 3988 l

264 3975 344 4040 sim?
369 3975 465 4054 (lollio
489 3979 527 4059 iq
548 3976 687 4054 idoneo.)
714 3983 826 4043 Pseud.
852 4001 880 4045 v.
906 3988 966 4046 ato
991 4000 1073 4062 sqq:
1100 4003 1164 4043 nam
1193 3985 1221 4042 ae'
1248 3985 1421 4056 sacruficem

265 4095 378 4138 summo
401 4079 464 4140 Iovi
489 4083 587 4155 Atque
611 4081 640 4138 in
665 4084 799 4140 manibus
824 4088 892 4141 exta
916 4085 1029 4143 teneam
1058 4093 1090 4142 ut
1116 4084 1271 4158 periciam,
1308 4086 1425 4140 interea

265 4178 325 4236 loci
350 4177 384 4236 Sa'
406 4181 482 4238 lucri
505 4179 574 4252 quid
599 4177 694 4252 detur,
718 4185 817 4252 potius
842 4199 903 4238 rem
928 4183 1054 4240 divinam
1087 4181 1228 4241 mserum.
1253 4178 1278 4256 l,
1310 4186 1338 4257 3,
1366 4185 1422 4242 44:
