3128 4762
244 207 306 268 204
647 198 835 239 sornorrvuu.
864 197 926 239 car.
941 197 998 238 xrv.

246 388 272 466 l,
299 393 326 457 1,
351 391 384 452 3:
408 390 572 466 Egredere,
592 389 679 450 erilis
701 389 868 464 pernicies.
912 385 1147 466 Nonnunquam
1169 385 1211 450 ad
1233 386 1328 452 talem
1352 403 1407 452 co·

245 485 441 566 pulsationem
465 484 590 549 accedit
611 484 771 565 genitivus
792 482 844 548 vel
867 500 1041 564 pronomen
1056 483 1289 564 possessivum,
1321 500 1406 562 quae

243 583 284 648 ad
311 587 411 648 totam
442 583 618 663 notionem,
653 599 735 663 quae
758 581 960 662 copulatione
983 579 1136 662 efficitur,
1160 581 1335 662 pertinent,
1364 579 1404 646 cf.

122 741 127 754 ,
242 681 304 746 vol.
329 680 359 758 Ι,
390 697 419 760 p.
445 685 516 746 359.
562 679 614 746 Sic
641 680 745 745 Plaut.
773 679 841 745 Mil.
865 679 916 759 II,
945 686 976 760 l,
1001 683 1049 744 57.
1075 673 1200 744 Terent.
1225 673 1350 742 Phorm.
1379 677 1406 749 Ι,

244 783 273 857 2,
298 783 352 842 78;
381 780 544 839 Paternum
565 781 694 842 amimae
715 797 762 841 mo
790 781 974 842 adsimulabo
996 779 1140 854 oirptals,
1162 776 1192 841 h.
1216 796 1244 842 e.
1268 777 1405 842 amioum

243 876 345 956 patris
369 875 508 957 virginis.
532 875 785 951 Plautinum,
810 884 839 957 5,
862 883 920 942 48:
943 881 1056 940 Nostra
1076 879 1159 937 erilis
1183 879 1348 939 concubina
1363 901 1406 928 =

244 974 420 1039 concubina
442 973 544 1038 nostri
566 975 621 1040 eri.
651 973 723 1038 Ter.
747 975 828 1040 Eun.
846 974 882 1054 V,
899 983 936 1054 4,
951 980 1011 1041 40:
1035 975 1131 1035 Edico
1154 976 1247 1047 vobis,
1269 980 1406 1036 nostram

244 1091 311 1135 esse
341 1076 425 1134 illum
454 1075 555 1133 mum
580 1071 698 1146 pilium.¹
732 1073 860 1137 Phorm.
887 1072 918 1154 1,
953 1079 986 1152 Ι,
1016 1079 1050 1136 d:
1086 1075 1188 1135 erilem
1214 1075 1312 1146 tiliam
1340 1074 1406 1136 eius

245 1172 365 1232 duxisse
389 1173 487 1236 audio'
502 1174 645 1246 Uxorem,
668 1199 711 1220 =
733 1168 833 1235 filium
857 1171 1004 1249 ericius,
1029 1169 1083 1236 ubi
1106 1178 1193 1234 reete
1217 1168 1294 1234 dicit
1314 1169 1405 1234 Peri·

246 1267 357 1332 zonius
385 1267 426 1331 ad
450 1267 556 1332 Sonat.
587 1287 616 1349 p.
642 1273 702 1332 257
732 1268 906 1352 genitivum
935 1269 1002 1349 regi
1033 1267 1128 1332 simul
1155 1285 1175 1330 a
1205 1266 1405 1330 substantivo

245 1369 279 1428 et
293 1364 451 1430 adiectivo
473 1365 659 1446 coniunctis,
683 1384 745 1431 uon
767 1366 867 1446 igitur
882 1385 902 1430 a
918 1366 986 1431 solo
1009 1369 1115 1443 silim,
1139 1365 1195 1430 sed
1211 1365 1251 1430 ab
1267 1369 1405 1444 utroque

209 1465 215 1481 ‘
245 1466 347 1526 erilem
369 1466 475 1537 fillum.

331 1559 369 1624 Iu
394 1562 577 1626 universum
600 1561 756 1626 adiectivo
771 1579 842 1627 cum
859 1562 1058 1627 substantivo
1082 1563 1113 1625 in
1130 1579 1225 1626 unam
1243 1559 1402 1624 notionem

246 1659 415 1724 coniuncto
437 1661 576 1724 alterum
600 1659 789 1724 adiectivum
813 1661 887 1725 addi
910 1654 1113 1741 potest'quo
1138 1659 1192 1723 illa
1214 1660 1301 1722 notio
1323 1657 1400 1722 deli-

245 1755 352 1820 niatur
367 1759 555 1822 accuratius.
603 1757 654 1824 Sic
669 1755 772 1822 Plaut.
796 1758 910 1824 Bacch.
923 1758 978 1836 lV,
994 1765 1025 1837 5,
1046 1766 1077 1822 l:
1099 1751 1249 1820 Iasonem
1264 1775 1405 1832 moenum

245 1857 351 1916 molior
373 1859 534 1934 acerbum,
564 1875 593 1921 v.
625 1855 760 1922 (lasaub.
784 1857 911 1922 Terent.
942 1856 1038 1920 Andr.
1070 1855 1149 1937 prol.
1173 1874 1199 1919 v.
1227 1859 1324 1934 fisa:
1354 1858 1405 1932 qui

247 1953 382 2013 malivoli
406 1955 519 2016 Veteris
537 1961 640 2030 poetae
663 1959 830 2018 maledictis
853 1957 1043 2033 respondeat,
1069 1942 1106 2020 cf.
1131 1955 1246 2018 Heaut.
1270 1951 1351 2033 prol.
1375 1970 1404 2017 v.

246 2051 301 2112 22:
325 2051 484 2112 mumolus
509 2059 591 2116 vetus
614 2059 704 2128 poeto
731 2057 858 2116 dictitat.
894 2054 974 2117 Eun.
998 2052 1062 2132 ΙΙΙ,
1093 2059 1127 2124 l,
1156 2057 1253 2132 9sq.:
1287 2054 1407 2113 Labore

246 2147 344 2208 altered
371 2165 479 2223 moereo
507 2161 623 2227 partam
662 2156 785 2227 gloriam
818 2156 925 2214 Verbis
959 2171 1050 2228 saepo
1084 2155 1114 2212 in
1145 2171 1177 2214 se
1213 2159 1404 2212 transmovet.

245 2243 362 2310 Heaut·
387 2246 428 2325 ΙΙ,
453 2251 481 2322 3,
498 2253 556 2313 48;
579 2253 669 2313 Nulla
684 2253 766 2312 male
779 2269 812 2310 re
831 2269 898 2314 esse
922 2254 1083 2328 expolitam
1099 2251 1244 2310 muliebri.
1275 2247 1404 2313 Phorm.

244 2342 299 2422 IV,
323 2349 353 2422 4,
377 2349 430 2409 25:
463 2351 546 2409 iutro
573 2351 610 2410 iit
631 2351 660 2408 in
691 2351 773 2410 aedis
798 2355 864 2410 oter
893 2351 1009 2410 ulterius
1030 2350 1122 2410 eoois.
1169 2344 1300 2426 Adelph.
1325 2345 1350 2423 I,
1378 2351 1403 2424 l,

249 2447 300 2506 17:
325 2446 390 2521 Ego
406 2447 482 2509 banc
505 2448 672 2507 clementem
694 2449 788 2508 otiam
809 2450 958 2508 urbanum
974 2454 1064 2523 atque
1080 2451 1171 2508 otium
1186 2447 1314 2506 Secutus
1331 2463 1403 2506 sum.

243 2539 321 2621 Leg.
345 2540 409 2606 XII
432 2543 518 2608 labb.
543 2549 651 2612 autem
675 2543 730 2625 VI,
755 2550 789 2611 7:
818 2549 947 2620 meua
973 2547 1109 2605 iunctam
1138 2545 1260 2605 aedibus
1285 2547 1403 2605 vineae·

245 2655 312 2716 qna,
337 2645 367 2700 et
389 2647 538 2714 coaeopet,
560 2659 598 2702 ne
623 2647 739 2718 solvito,
763 2647 800 2708 ut
821 2649 908 2707 recle
931 2643 1025 2707 (locet
1039 2641 1207 2720 Fuuccius,
1232 2647 1403 2720 utrumque

244 2733 437 2800 adlectivum
459 2733 595 2800 iunctum
625 2746 659 2804 et
686 2746 823 2816 cmoopet
852 2739 1036 2822 singillatim
1066 2741 1106 2804 ad
1135 2745 1307 2820 utrumque
1330 2737 1405 2802 sub·

244 2833 419 2899 stantivum
443 2838 565 2899 ordines
588 2843 622 2900 et
643 2842 747 2900 vineoe
768 2836 970 2903 referendum
994 2843 1052 2904 est.

331 2937 359 2996 3.
389 2932 418 2998 b.
472 2935 572 2998 decus
610 2938 755 2999 adtrectat.
813 2936 849 3000 ln
880 2938 1008 3002 nomine
1050 2936 1202 3016 epicoeno
1237 2933 1401 3000 masculini

244 3031 370 3110 generis
393 3031 433 3098 de
455 3031 572 3098 femina
594 3051 696 3115 genus
717 3033 904 3122 femininum
926 3034 1065 3116 positum
1093 3051 1165 3099 osse
1197 3031 1331 3098 offendit
1352 3049 1401 3113 ap.

245 3126 350 3194 Plaut.
380 3129 488 3196 Sticho
503 3130 536 3210 Ι,
560 3137 594 3211 3,
618 3135 673 3198 14;
709 3136 815 3196 solare
843 3136 1029 3209 elephantum
1057 3134 1216 3208 providam
1241 3140 1404 3210 perpetuos

244 3229 349 3290 decem
380 3232 460 3292 Esse
491 3249 585 3293 annos
617 3229 660 3310 (v.
685 3230 787 3295 lludd.
812 3229 844 3303 Ι,
872 3249 902 3312 p.
928 3238 961 3307 7,
988 3232 1095 3296 adnot.
1125 3237 1187 3303 25).
1238 3229 1404 3294 Adiectlva

243 3325 406 3406 partitiva,
430 3326 458 3391 si
486 3326 572 3392 abad
599 3327 835 3394 substantivum
857 3329 997 3411 accedit,
1028 3347 1100 3394 curu
1128 3347 1167 3394 eo
1189 3345 1307 3410 genere
1330 3345 1403 3393 con-

242 3423 390 3502 veniunt,
413 3441 477 3488 non
500 3441 570 3490 cunr
594 3443 632 3490 eo
655 3425 810 3506 genitivo,
840 3427 895 3508 qul
918 3445 937 3492 a
958 3425 1111 3507 partltlvo
1135 3426 1262 3508 pendet
1286 3425 1403 3502 (Rudd.

242 3521 338 3602 11‚p.
365 3525 429 3591 82).
474 3521 527 3589 Sic
554 3523 678 3590 Terent.
712 3525 790 3589 Eun:
815 3524 864 3604 ΙΙ,
893 3529 929 3603 2,
957 3529 1009 3589 li:
1042 3527 1100 3588 list
1126 3544 1219 3604 genus
1253 3527 1402 3586 bominum

242 3624 292 3696 qui
315 3638 381 3684 esse
400 3622 516 3695 prim
538 3639 570 3685 se
593 3628 722 3685 omnium
744 3641 843 3686 rarum
867 3628 983 3698 volunt,
1006 3626 1070 3687 Noc
1093 3634 1172 3686 sunt.
1219 3621 1252 3688 si
1274 3627 1308 3687 et
1328 3622 1403 3686 sub-

240 3715 359 3782 iectum
388 3722 422 3782 et
452 3720 672 3798 praedicatum
702 3727 778 3784 sant
805 3721 1023 3801 substantiva,
1051 3720 1255 3803 participium
1285 3737 1402 3803 genere

240 3815 414 3882 concordat
436 3813 505 3882 iare
526 3835 599 3882 cum
614 3835 653 3884 eo
669 3819 879 3899 substantivo,
903 3820 955 3885 cui
975 3819 1119 3900 proxime
1135 3824 1186 3884 est
1208 3819 1400 3900 appositum,

239 3914 288 3979 sic
310 3929 381 3980 curn
397 3915 583 3996 praedicato
599 3913 725 3982 Pborm.
742 3917 767 3996 I,
785 3922 814 3990 2,
830 3923 887 3983 44:
912 3922 1077 3995 Paupertas
1100 3919 1401 3980 minimissimus

239 4020 274 4076 et
296 4017 437 4078 misarum
462 4025 490 4076 et
515 4033 613 4092 grave.
645 4013 748 4095 Saepe
763 4015 961 4092 constructio
983 4015 1023 4080 ad
1040 4030 1168 4080 sensum
1185 4015 1288 4080 locum
1307 4014 1403 4080 babet

237 4108 294 4194 (ot.
318 4107 386 4190 aar
411 4111 514 4176 τέκνον
542 4115 576 4178 et
606 4111 730 4196 reliqua
752 4129 838 4202 quae
859 4132 876 4178 a
899 4113 1032 4178 Graecis
1061 4111 1156 4177 alieri
1178 4113 1295 4177 Bernb.
1320 4119 1401 4196 synt.

240 4227 272 4292 p.
303 4211 369 4277 428
390 4219 457 4293 su).
508 4211 561 4277 Sic
592 4210 631 4276 de
658 4209 767 4278 rabula
796 4211 876 4280 Eun
904 4211 982 4296 prol.
1013 4226 1041 4274 v.
1067 4215 1124 4278 it:
1155 4215 1248 4276 colax
1277 4215 1402 4274 Manas-
