3048 4770
647 143 810 184 ΒἹΝΟΗἹΒΙΕ.
1240 155 1299 218 221

139 327 248 407 femur,
279 328 388 394 dicens
422 335 553 410 propter
580 333 778 398 commodum
814 349 926 398 versos
959 332 1136 398 clausulam
1172 351 1304 416 semper

141 425 293 490 Plautum
317 426 423 491 dicere
446 431 652 509 volutatem,
676 447 838 511 nunquam
859 432 1067 508 diceremini,
1098 439 1298 513 quapropter

141 524 188 589 sic
211 523 325 588 scribit
346 541 474 589 uersum
497 525 620 592 Plauti:

296 625 366 700 quid
389 625 565 686 brachium?
588 659 628 670 -
651 629 729 701 illut,
752 626 894 702 ftminar,
916 626 997 687 colai
1019 628 1122 691 dicere.

143 717 193 784 De
217 718 286 784 loeo
310 724 416 784 autem
439 720 524 785 Trin.
553 722 611 803 IV,
640 730 666 801 l,
699 727 736 786 5:
767 729 863 800 Atque
887 726 942 784 tibl
964 740 1029 803 ego,
1053 726 1202 804 Neptune,
1226 734 1296 788 aute

138 820 217 879 alios
241 821 313 880 deos
336 822 429 894 gratis
454 837 509 896 ago
533 829 623 898 atqua
647 821 743 882 habeo
760 839 888 882 summas
903 819 1099 885 Ritschelius
1114 820 1177 887 ind.
1200 820 1297 887 schol.

140 913 233 978 Bouu
259 910 360 995 lact,
384 931 416 994 p.
440 915 553 982 chaeo
568 916 679 981 habet:
704 933 862 996 „quorum
877 916 1118 982 collocationem
1130 917 1302 984 verborum

139 1029 196 1086 epo
217 1015 355 1088 Naptaae
379 1015 434 1074 tibi
457 1014 508 1078 vix
530 1013 642 1080 dubito
666 1014 741 1094 quin
765 1011 997 1093 significantius
1020 1033 1092 1080 cum
1115 1016 1233 1081 Bothio
1255 1018 1304 1081 ita

143 1109 192 1172 uti
215 1107 358 1189 lecimus,
381 1126 476 1189 quam
500 1111 545 1175 sic
568 1112 711 1192 corrigas
735 1129 805 1176 cum
828 1110 1029 1176 Hermanno:
1057 1132 1112 1190 ego
1139 1117 1195 1176 tibi
1218 1119 1300 1193 Nap-

143 1215 234 1282 tune3
258 1224 437 1289 quanquam
463 1213 600 1289 utroque
623 1209 718 1273 modo
740 1212 802 1279 tibi,
825 1210 858 1273 in
881 1227 942 1288 quo
965 1209 1087 1294 visast
1109 1212 1299 1291 sententiae,

141 1302 259 1370 fortius
281 1304 466 1385 intenditur,
490 1306 557 1371 sive
579 1305 658 1371 illud
680 1306 746 1372 ictu
768 1325 880 1371 versus
902 1307 1037 1389 cicuitus,
1061 1307 1129 1371 sive
1145 1307 1185 1372 ab
1208 1307 1301 1372 initio

139 1401 306 1466 enunciati
328 1401 488 1481 ponitur.“

231 1505 259 1564 7.
305 1497 444 1576 Quaevis
467 1499 654 1566 insolentior
676 1501 843 1566 collocatio
865 1501 1047 1580 verborum,
1071 1502 1183 1582 inqua
1198 1504 1302 1568 notio·

141 1615 200 1663 nes
216 1600 372 1679 cognatae
388 1606 578 1678 separantur
594 1604 627 1664 et
641 1598 873 1677 distrahuntur,
889 1597 1008 1662 dicitur
1020 1603 1186 1679 apostasia,
1209 1601 1302 1666 cuius

138 1695 347 1778 potissimum
375 1711 476 1774 genus
492 1699 557 1760 'est
584 1699 777 1773 hyperbaton.
827 1715 855 1760 v.
890 1696 929 1759 de
957 1695 1090 1761 Graecis
1118 1697 1234 1778 Beruh.
1271 1715 1301 1777 p.

140 1798 206 1858 459
231 1810 299 1873 sqq.
345 1789 397 1856 Sic
419 1789 522 1856 Plaut.
548 1793 618 1859 Aul.
641 1793 685 1866 ΙΙ,
709 1800 738 1873 3,
763 1799 795 1858 3:
818 1798 940 1856 vascula
966 1797 1046 1856 intus
1069 1815 1144 1872 pure
1166 1815 1298 1872 propera

141 1898 234 1969 atque
257 1894 334 1970 elna,
357 1888 442 1968 quod
465 1889 637 1956 secundom
662 1889 847 1956 Goellerum
863 1891 984 1954 dictum
1008 1895 1146 1972 estpro:
1170 1913 1305 1970 propera

140 1995 235 2064 atque
263 1992 340 2057 elue,
369 1990 463 2063 (vase.
497 1987 551 2051 int
579 1990 683 2068 pure),
713 2005 847 2068 eamque
876 1987 1033 2053 rationem
1057 1990 1204 2056 excusari
1227 1990 1305 2054 dicit

141 2080 348 2150 festinatione
382 2083 551 2163 loqueatis.
597 2085 642 2149 lb.
673 2086 728 2165 IV,
750 2090 781 2164 8,
806 2092 839 2149 1:
870 2089 948 2148 Picis
976 2088 1096 2163 divitiis,
1121 2091 1171 2165 qui
1196 2107 1306 2150 aureos

143 2191 262 2244 montes
285 2185 397 2257 colunt,
420 2183 484 2258 Ego
509 2187 590 2246 solus
614 2202 733 2261 supero,
758 2200 832 2261 pro:
855 2183 925 2264 Ego
948 2183 1035 2248 solus
1050 2201 1168 2264 supero
1184 2183 1305 2250 divitiis

141 2279 235 2360 picis
259 2279 314 2360 qui
335 2297 363 2343 a.
387 2296 428 2342 m.
452 2297 477 2342 c.
501 2279 605 2345 Locus
627 2281 700 2346 Ter.
723 2279 800 2344 Hec.
825 2279 879 2358 lV,
903 2284 932 2358 2,
957 2285 986 2359 5,
1015 2297 1110 2359 quern
1133 2280 1239 2345 Rudd.
1262 2279 1309 2345 af-

145 2375 220 2457 fert,
251 2394 316 2441 non
344 2375 485 2456 pertinet
514 2377 585 2457 huc,
616 2395 689 2442 nam
716 2377 760 2442 ibi
788 2394 965 2457 proquam
994 2394 1066 2441 cum
1095 2377 1243 2442 Bentleio
1274 2381 1309 2442 et

143 2473 356 2538 Fleckeiseuo
386 2473 587 2540 scribendum
618 2483 668 2542 est
702 2477 787 2552 qaod,
826 2475 888 2544 sic:
921 2478 1023 2552 Teque
1052 2484 1122 2537 anm
1151 2477 1230 2552 quod
1261 2493 1308 2538 ma

141 2591 246 2634 amare
269 2573 367 2647 rebar,
393 2576 421 2633 ei
444 2575 489 2634 rei
511 2574 637 2637 firmasti
658 2575 755 2635 fidem.
804 2573 862 2637 Ad.
885 2571 923 2650 V,
947 2577 976 2652 7,
1003 2577 1055 2637 19:
1085 2575 1129 2634 Tu
1159 2575 1229 2635 illas
1258 2573 1307 2634 abi

143 2678 178 2732 et
200 2671 333 2732 traduce.
378 2669 503 2733 Deinde
525 2671 666 2750 pertinet
688 2670 729 2734 ad
751 2671 930 2753 synchysin,
954 2672 981 2734 si
1009 2669 1247 2735 coniunctiones
1269 2675 1305 2734 et

145 2766 308 2836 adverbia.
337 2761 472 2831 maxime
504 2768 649 2850 relativa,
676 2769 755 2832 item
782 2785 959 2849 pronomen
981 2767 1151 2832 relativum
1172 2773 1306 2848 postpo-

144 2867 267 2928 nuntur
289 2863 447 2941 (similiter
468 2865 555 2945 apud
578 2865 729 2938 Graecos,
751 2885 780 2930 v.
804 2865 920 2930 Bemh.
943 2883 975 2945 p.
999 2863 1086 2946 461).
1139 2863 1210 2941 Quo
1233 2882 1306 2944 pcr-

145 2961 250 3025 tinent
268 2960 414 3041 inprimis
435 2967 478 3040 at,
501 2966 538 3039 si,
560 2982 607 3043 aa,
629 2981 727 3040 quom
750 2965 868 3038 quoodo
891 2966 967 3028 cett.
1011 2960 1091 3026 Cato
1114 2962 1152 3026 R.
1168 2962 1206 3026 R.
1230 2981 1256 3027 c.
1278 2969 1310 3044 lg

144 3061 306 3121 Praedium
330 3076 421 3133 qaam
447 3077 555 3136 parare
585 3063 740 3140 cogitabis,
768 3064 811 3122 sic
838 3064 868 3121 in
898 3063 996 3121 animo
1029 3058 1151 3122 hebeto.
1202 3057 1237 3122 b.
1271 3065 1310 3128 4:

145 3155 183 3219 Iu
213 3160 290 3220 bono
313 3161 438 3234 praedio
470 3160 498 3220 ai
523 3161 600 3222 bene
630 3159 835 3220 aedificaveris
856 3160 990 3234 beneque
1014 3160 1167 3235 posueris:
1196 3157 1311 3218 rurist

147 3263 232 3317 recte
257 3257 449 3331 habitaveris,
471 3259 613 3318 libentius
637 3265 669 3318 et
690 3258 809 3332 saepius
834 3259 943 3334 venias,
967 3256 1074 3334 fundus
1105 3255 1211 3316 molior
1239 3255 1309 3334 erit,

147 3354 245 3413 miuus
268 3355 454 3432 peccabitur,
476 3354 568 3414 lructi
590 3357 658 3430 plus
682 3356 793 3432 capias.
840 3350 875 3415 0.
900 3356 936 3416 5:
959 3355 1103 3416 Familiae
1120 3353 1310 3434 maleaeait.

145 3447 210 3513 Ib.:
235 3451 347 3511 Vilicus
371 3453 503 3513 einolet
527 3453 737 3526 malefacere,
761 3469 819 3512 non
853 3451 946 3512 faciet
974 3446 1033 3529 (sc.
1062 3448 1204 3520 familia).
1248 3447 1309 3512 ra:

147 3550 284 3609 dominus
307 3550 426 3624 impune
446 3566 484 3610 ae
507 3552 586 3610 sinat
609 3565 685 3611 esse.
730 3546 794 3612 Ib.:
817 3547 934 3610 Vilicus
956 3565 994 3608 ae
1017 3550 1056 3610 sit
1071 3549 1246 3619 ambulator,
1271 3546 1310 3606 ad

149 3660 274 3706 coenam
296 3663 334 3706 aa
356 3664 413 3722 quo
435 3653 496 3708 eat.
541 3644 604 3711 la:
625 3648 793 3708 Parasitum
821 3663 858 3705 aa
881 3663 967 3722 quem
990 3647 1118 3707 babeat.
1163 3646 1310 3719 Haruspi-

145 3761 214 3804 cem
237 3775 279 3786 -·-
300 3747 338 3804 rie
360 3763 446 3822 quem
469 3745 655 3806 cousuluisse
686 3746 767 3806 velit
821 3744 959 3820 Segetem
987 3759 1025 3802 ae
1053 3742 1201 3804 defrudet.
1245 3739 1311 3803 lb:

148 3842 321 3902 Stramenta
343 3843 370 3902 si
393 3843 529 3904 deerunt.
573 3839 677 3904 Plaut.
701 3838 814 3920 Amph.
838 3838 893 3918 IV,
918 3844 946 3918 3,
970 3842 1004 3902 8:
1028 3857 1137 3916 resque
1152 3837 1312 3900 attactast

149 3940 284 4014 eloquar.
330 3937 403 4002 Aul.
427 3937 466 4018 V,
492 3943 520 4015 l,
544 3941 599 4007 20:
622 3939 709 4000 modo
732 3938 820 4015 quod.
865 3933 963 4002 Marc.
987 3935 1042 4014 IV,
1057 3941 1088 4015 4,
1103 3941 1141 4000 4:
1165 3937 1311 4010 Numqui

149 4042 240 4114 amat,
272 4040 349 4113 qood
381 4038 527 4112 emutat
557 4037 658 4114 habet,
682 4038 712 4098 id
742 4037 833 4096 habet
854 4054 910 4111 pro
933 4037 1010 4096 cibo.
1055 4028 1172 4098 Pseud.
1196 4031 1256 4106 ΙΙΙ,
1281 4034 1311 4108 2,

148 4137 207 4198 94:
231 4136 319 4210 Ipsus
340 4137 398 4195 sibi
417 4132 525 4196 faciam
547 4140 583 4195 ut
604 4135 713 4210 digitos
736 4133 901 4210 praesudat
930 4152 1008 4196 suos.
1054 4131 1180 4195 Terent
1210 4126 1309 4192 Andr.
