3090 4768
256 191 321 234 NOT.
336 193 440 234 PRARD.
455 193 486 233 IN
499 193 577 234 UNIV.
592 193 691 234 SPEOT.
704 213 730 222 -
745 193 840 234 SUBST.
854 195 972 236 ADIEOT.
987 197 1025 237 ΕΤ
1039 197 1152 240 rnsr1c.
1262 206 1283 270 5

131 399 210 446 esse·
254 380 296 461 ΙΙ,
321 387 349 461 3,
374 388 430 447 27ε
475 386 551 446 Nam
573 387 725 461 pollicitus
749 404 812 448 sum
835 393 1045 462 moeniorum.
1090 386 1149 468 111,
1174 393 1203 468 3,
1228 393 1282 454 20:

26 539 27 558 ,
130 483 208 542 Dein
229 480 317 543 facile
342 501 378 542 ex
400 485 461 543 illis
484 501 550 545 sese
574 501 756 545 emmennone
777 488 873 547 malis.
918 484 998 549 Eun.
1018 485 1045 565 I,
1070 490 1099 566 2,
1124 491 1197 552 125:
1241 491 1283 550 Ει

26 569 27 590 ’
129 580 154 640 Ιι
176 580 264 640 hodie
286 583 442 642 uenturam
466 582 503 642 ad
526 599 571 642 me
596 584 752 644 constitnit
774 584 898 644 domum.
944 583 1061 648 Heaut.
1082 584 1161 663 prol.
1185 590 1282 650 v.19:

130 684 158 737 et
182 679 289 740 deinde
314 680 466 752 suetorum
489 686 629 741 autumat.
675 678 753 744 Hes.
769 680 793 756 Ι,
815 686 840 758 Ι,
858 685 890 745 5:
914 683 1032 744 iurabat
1053 715 1097 724 -
1118 686 1283 760 Numquam

128 776 181 836 illa
211 777 277 838 viva
306 779 466 838 dnetnrnm
495 795 615 838 uxorem
647 779 772 840 domum.
819 776 951 858 Adelph.
982 777 1042 857 III,
1067 783 1095 858 2,
1121 785 1178 846 35:
1225 783 1283 856 Qui

26 963 27 966 Ἴ
128 891 159 933 se
182 876 213 932 in
236 877 282 936 sui
305 878 417 951 grando
434 877 603 950 positurum
625 893 749 950 puerum
772 878 892 938 dicebat
915 877 1026 953 patris?

213 975 240 1036 2.
286 971 336 1036 Ex
368 972 574 1052 praedicatis,
608 989 690 1052 quae
719 972 955 1054 coniunguntur
981 992 1053 1039 eum
1080 974 1179 1040 verbo
1208 977 1283 1042 sub·

128 1069 267 1135 stantiuo
300 1075 357 1134 aut
389 1089 540 1151 expresso
573 1074 630 1136 aut
659 1077 745 1135 uerte
768 1070 946 1151 cogitando,
976 1073 1106 1138 maioris
1129 1074 1282 1141 momenti

127 1173 202 1234 suut
224 1168 435 1247 substantiva,
458 1167 625 1248 adieetiva,
647 1169 823 1249 partieipia,
847 1170 977 1235 minoris
992 1171 1152 1236 adverbia.
1287 1205 1289 1210 ·

211 1285 240 1332 a
286 1266 484 1332 Substantioo.
530 1267 628 1348 Legg.
652 1265 715 1330 XII
737 1266 833 1343 nob..
857 1266 911 1345 vl,
933 1266 970 1332 fr.
989 1275 1021 1333 3:
1046 1273 1189 1346 Quoniam
1213 1291 1283 1334 usus

127 1367 293 1427 auctoritas
318 1365 401 1428 fundi
422 1369 572 1428 biennium
595 1375 650 1443 eat,
674 1365 728 1429 ubi
750 1383 808 1445 pro
832 1368 980 1428 biennium
1003 1369 1132 1448 proprie
1155 1367 1286 1433 adiecti·

127 1479 201 1526 uum
225 1466 344 1526 biennis
369 1467 545 1544 exspectas,
570 1465 717 1542 quoniam
740 1464 836 1542 paulo
858 1470 932 1544 post
951 1464 984 1527 iu
1005 1465 1098 1529 simili
1112 1485 1148 1530 re
1164 1466 1285 1532 dietum

126 1568 188 1624 est:
226 1581 350 1638 quarum
385 1581 504 1625 annuns
537 1570 584 1624 est
617 1583 696 1637 usus,
732 1561 817 1641 quod
845 1561 1002 1627 Funeoius
1037 1581 1099 1628 non
1126 1565 1208 1630 mule
1239 1563 1284 1630 sic

125 1654 309 1740 πιριφράζιιε
340 1681 408 1722 usus
436 1664 600 1723 auctoritas
630 1661 723 1736 fundi,
755 1677 817 1738 quo
841 1656 905 1737 fiat,
933 1662 1083 1723 biennium
1107 1673 1161 1726 est.
1205 1661 1284 1728 Cato

126 1756 160 1821 R.
184 1757 222 1820 P.
249 1775 273 1820 e.
295 1765 329 1822 4:
353 1760 470 1844 siquid
495 1759 589 1836 (bona
611 1762 719 1835 salute)
740 1778 812 1820 nsns
835 1761 957 1834 venerit,
983 1761 1108 1836 benigne
1132 1762 1283 1824 defendat.

126 1853 223 1920 Ennii
247 1854 456 1935 Epicharmus
478 1853 517 1919 fr.
544 1863 575 1920 7:
607 1861 707 1922 Haece
730 1867 855 1934 propter
876 1858 1014 1932 Iuppiter
1037 1867 1105 1920 suut
1127 1863 1186 1920 ista
1208 1875 1284 1936 quae

26 1957 27 1998 Ι
127 1955 194 2016 dieo
219 1956 284 2030 tibi,
306 1971 345 2018 ex
368 1953 482 2033 quibus
506 1953 657 2035 exemplis
674 1959 764 2034 patet
779 1971 836 2018 neu
850 1953 883 2018 in
900 1971 1017 2034 genere
1032 1973 1090 2019 nee
1105 1956 1138 2020 iu
1152 1971 1284 2020 numero

127 2052 301 2116 convenire
330 2069 409 2131 opus
441 2069 511 2116 esse
539 2051 757 2133 praedicatum
786 2070 856 2116 oum
880 2051 1032 2130 subiecto,
1060 2053 1136 2116 item
1161 2052 1285 2133 praedi-

128 2154 237 2214 catum
270 2166 364 2229 posse
402 2159 477 2239 ante
511 2150 688 2215 subiectum
724 2150 807 2230 poni,
842 2149 927 2230 quod
960 2149 1081 2215 iactum
1110 2157 1160 2215 est
1190 2152 1286 2216 etiam

130 2247 236 2312 Plaut.
259 2247 354 2313 Poen.
380 2247 463 2325 ΙΙ,2,
483 2253 556 2312 108:
581 2253 655 2312 Nam
679 2253 751 2310 mihi
772 2250 893 2310 sobrina
915 2252 1094 2326 Ampsigura
1116 2259 1169 2312 tua
1190 2256 1287 2312 mater

26 2403 30 2414 .
128 2346 193 2412 fuit.
242 2345 369 2410 Terent.
403 2349 458 2412 Ad.
490 2346 549 2426 ΙΙΙ,
582 2351 609 2424 3,
642 2353 699 2412 3Ι;
744 2351 796 2422 Tu,
826 2357 952 2425 quantus
982 2347 1127 2424 quantus,
1156 2351 1197 2408 nil
1229 2348 1287 2409 nisi

128 2448 335 2522 sapientiores.
380 2445 550 2510 Pertineut
572 2445 633 2509 huo
657 2445 752 2510 etiam
772 2443 910 2524 plurima
925 2445 1079 2526 exempla,
1096 2461 1177 2524 quae
1193 2443 1287 2508 attuli

128 2541 159 2606 in
182 2543 377 2608 nominativo
401 2542 418 2626 ἓ
441 2550 470 2608 4.

216 2645 246 2705 3.
270 2641 299 2706 b.
344 2644 502 2705 Adleettno
529 2649 557 2703 et
582 2644 755 2718 perennio.
799 2642 849 2706 De
870 2641 1038 2722 participio
1062 2640 1123 2705 huc
1146 2640 1287 2720 pertinet

129 2739 313 2819 coniugatio
350 2757 431 2820 quse
470 2739 586 2805 dicitur
622 2738 871 2819 periphrastes,
909 2756 995 2826 quae,
1029 2737 1131 2802 rarior
1167 2744 1216 2802 est
1254 2737 1287 2802 in

131 2837 301 2916 participio
317 2839 506 2918 praesentis,
523 2836 732 2902 usitatissima
749 2847 782 2901 et
796 2837 977 2902 necessaria
992 2836 1082 2915 adeo,
1100 2842 1136 2898 ut
1151 2839 1286 2914 constat,

128 2933 159 2999 in
186 2939 278 3024 part.
299 2933 356 3000 fut·
385 2937 482 3002 activi
510 2942 543 3000 et
570 2935 650 3016 perf.
680 2953 764 3015 pass.
797 2934 875 3000 Cato
899 2935 936 2999 R.
960 2934 997 2998 R.
1021 2932 1136 3016 praei:
1168 2938 1286 2996 minime

129 3065 169 3078 —-
192 3039 272 3096 male
292 3038 450 3111 copulantes
471 3041 549 3097 sunt.
595 3034 689 3114 Apud
719 3033 854 3098 comicos
881 3033 944 3098 huc
973 3033 1114 3112 pertinet
1142 3032 1287 3113 inprimis

130 3128 280 3212 frequens
307 3131 445 3198 formula
473 3139 508 3196 nt
535 3136 576 3196 sis
598 3135 700 3203 sciens,
730 3132 769 3196 de
797 3148 861 3210 qua
891 3130 962 3194 vide
985 3131 1082 3196 Haas.
1106 3131 1146 3194 ad
1168 3130 1287 3211 Reisig.

130 3245 158 3308 p.
184 3235 257 3308 745,
281 3230 386 3295 adnot.
413 3236 483 3310 579,
507 3233 552 3296 sic
574 3231 679 3294 Plaut.
703 3230 799 3296 Poeu.
823 3227 861 3308 V,
885 3233 914 3308 2,
940 3233 995 3294 78:
1035 3231 1209 3306 Carthagini
1232 3249 1287 3306 ego

132 3347 193 3388 sum
218 3338 334 3406 gnatus,
362 3336 397 3392 nt
424 3337 457 3394 tn
478 3333 519 3392 sis
541 3334 643 3392 solens.
689 3328 818 3392 Terent.
844 3328 943 3392 Andr.
967 3327 1027 3405 ΙΙΙ,
1052 3332 1081 3403 2,
1105 3331 1162 3390 28;
1192 3337 1224 3390 ut
1247 3331 1287 3391 sis

132 3430 238 3490 sciens.
283 3427 340 3507 IV,
362 3436 392 3507 4,
416 3434 473 3494 36;
506 3438 538 3491 ιιι
561 3437 594 3490 tu
617 3433 658 3490 sis
682 3431 791 3490 sciens.
838 3426 1077 3490 Adiectivorum
1100 3432 1289 3505 praeterea

133 3525 286 3606 exempla,
316 3542 399 3604 quae
426 3528 458 3590 in
487 3525 680 3591 nominativo
703 3523 723 3586 1.
748 3541 772 3588 e.
797 3524 901 3598 attuli,
929 3523 1009 3588 haec
1038 3541 1160 3602 ponam.
1207 3522 1287 3588 Cato

131 3619 166 3683 R.
181 3621 218 3684 R.
235 3641 260 3688 e.
279 3627 310 3688 5:
334 3624 455 3688 Prionos
478 3628 579 3687 cubitu
603 3634 717 3701 surgat:
736 3628 903 3698 postremos
926 3624 1056 3684 cubitum
1080 3629 1138 3685 eat.
1182 3619 1286 3685 Plaut.

132 3715 217 3785 Pers.
240 3720 265 3799 Ι,
291 3728 318 3800 1,
346 3729 376 3786 l:
423 3727 479 3798 Qui
507 3741 609 3784 amans
638 3739 729 3798 egens
756 3723 908 3796 ingressus
940 3728 987 3780 est
1010 3722 1148 3793 princeps
1169 3722 1287 3782 Amoris

133 3814 161 3878 in
183 3822 255 3882 vias.
301 3819 429 3885 Terent.
452 3821 531 3885 Eun.
556 3821 597 3901 ΙΙ,
624 3825 650 3894 1,
678 3825 730 3884 15:
755 3820 899 3894 Vigilabis
923 3820 1027 3880 tassns.
1071 3815 1288 3880 Memorabilis

26 3997 27 4000 Ἴ
134 3919 181 3978 ιιι
195 3920 377 3984 attractioiu
394 3919 589 3999 praedicato,
605 3922 642 3981 ut
657 3935 757 3998 genus
773 3915 953 3980 attributivi
970 3932 1033 3979 non
1050 3932 1120 3978 oum
1134 3914 1287 3990 subiecto

136 4012 190 4076 sed
212 4033 281 4079 cum
305 4016 489 4097 praedicato
513 4017 659 4081 concinat
681 4014 840 4103 (similiter
855 4013 942 4092 apud
958 4012 1109 4090 Graecos,
1126 4029 1154 4074 v,
1171 4009 1287 4074 Bernh.

134 4118 211 4192 synt.
236 4131 267 4194 p.
292 4120 377 4194 337),
408 4115 533 4180 Terent.
560 4113 686 4178 Phorm.
720 4113 744 4191 Ι,
769 4119 798 4189 2,
821 4117 877 4176 44ι
922 4115 1088 4186 Paupertas
1115 4111 1187 4169 mihi
1214 4125 1292 4166 onus

135 4215 253 4277 omnent
274 4223 305 4276 et
328 4219 468 4277 miserum
491 4223 521 4275 et
544 4231 643 4290 grave,
666 4230 696 4273 v.
720 4209 821 4275 Rudd.
847 4206 888 4285 ΙΙ,
912 4225 942 4285 p.
968 4213 997 4270 5.
