3076 4762
262 163 322 224 126
696 153 823 195 VERBUM.
852 155 914 196 cle.
928 153 977 195 111.

259 348 355 407 alvom
379 350 548 419 damnant.
572 341 627 418 IV,
654 351 680 420 l,
703 349 735 408 3:
758 348 821 406 lom
844 349 916 406 mihi
939 345 1119 407 Caludorum
1141 348 1246 407 volunt
1268 351 1420 406 serratum

260 461 326 504 esse
350 475 392 486 —-
414 443 508 519 Quom
530 449 560 502 te
582 443 747 502 adiutorem
769 449 937 516 penderant
958 446 1038 506 milri.
1064 447 1092 520 7,
1118 447 1154 506 31
1181 439 1419 521 (=v.1134):

259 543 309 601 Me
333 559 411 600 nunc
436 558 602 612 eorrmoror,
626 541 680 600 has
703 540 776 600 loris
799 559 885 616 qnorn
908 561 967 602 uon
989 542 1074 614 serio.
1105 537 1161 618 IV,
1187 545 1214 620 7,
1239 545 1293 604 33;
1317 542 1420 600 uenas

259 640 338 698 mihi·
357 641 431 698 haee
456 638 532 697 bona
554 639 614 710 det,
638 653 724 710 quoru
747 638 807 715 [ea]
831 642 964 700 homiues
981 643 1038 698 lmo
1062 639 1113 715 [ad
1135 637 1195 714 me]
1219 639 1420 712 adipitluori·

259 735 353 810 iugas.
405 733 503 798 Poeu.
534 732 566 811 I,
593 737 703 812 1,81:
738 738 832 812 Quom
864 739 903 796 mi
940 737 1072 796 obtulisti
1102 743 1164 796 tam
1201 737 1332 811 lepidum
1362 737 1419 796 lioc

260 835 473 908 spectaculum.
506 835 534 908 2,
557 834 615 895 46:
639 835 755 909 Ecquid
779 837 907 909 gratiae,
931 851 1018 907 paona
1040 837 1097 904 heo
1121 833 1203 894 foras
1226 841 1256 894 te
1280 831 1419 892 crocum?

259 928 320 1004 ΙΙΙ,
343 932 372 1006 2,
399 933 451 1004 12:
476 933 516 989 Et
539 933 613 990 bene
637 937 669 990 et
692 932 819 1005 benigue
841 933 951 1007 facitis,
975 950 1063 1005 quarn
1085 949 1137 990 ero
1161 921 1271 992 amanti
1296 947 1418 1004 operam

259 1029 345 1088 datis.
391 1031 419 1103 3,
444 1031 499 1090 54:
523 1030 562 1102 Di
585 1029 716 1105 deaeque
740 1031 822 1090 robis
846 1033 938 1089 multa
960 1032 1038 1090 boua
1060 1031 1146 1105 deut,
1170 1047 1259 1103 quone
1281 1029 1356 1090 mihi
1378 1025 1419 1089 Et

259 1127 335 1186 bene
353 1127 540 1198 praecipitis
559 1136 590 1186 et
612 1128 718 1187 bonam
741 1129 883 1202 praedam
912 1128 989 1188 dolis
1043 1143 1071 1190 v.
1098 1132 1151 1188 74:
1180 1129 1277 1188 Multa
1306 1127 1362 1186 tibi
1390 1127 1420 1185 di

260 1225 441 1308 derthona,
465 1241 552 1297 quom
574 1243 620 1283 me
645 1227 755 1286 salvom
780 1243 845 1284 esse
868 1227 921 1284 oio.
966 1223 1020 1299 IV,
1046 1227 1073 1298 2,
1094 1227 1148 1287 92:
1172 1223 1309 1302 lepidus,
1331 1242 1419 1297 onom

258 1339 365 1381 mones.
411 1319 449 1398 ΙΙ,
474 1327 508 1400 3,
535 1326 591 1384 19:
619 1325 712 1399 Quom
740 1325 797 1383 huo
828 1323 975 1382 advenisti
1005 1324 1091 1383 hodie
1120 1325 1150 1382 in
1179 1327 1243 1398 ipso
1272 1331 1417 1397 tempore.

260 1423 291 1498 4,
315 1423 372 1482 85:
395 1421 488 1495 Quom
510 1411 643 1480 nostram
671 1423 815 1496 pietatem
845 1421 1013 1494 adprobant
1039 1421 1234 1496 decorantque
1258 1420 1287 1479 di
1307 1423 1419 1480 iumor-

257 1520 345 1578 tales.
389 1533 416 1578 v.
443 1520 512 1580 105.
544 1523 577 1596 5,
600 1520 656 1580 49:
686 1522 837 1596 Quomque
866 1538 882 1577 e
911 1522 1020 1580 uirtuie
1049 1521 1133 1579 uobis
1162 1519 1285 1579 fortuna
1306 1519 1418 1593 obdidit·

260 1612 308 1678 So.
334 1611 390 1676 ult.
414 1630 444 1674 v.
471 1619 510 1681 28
520 1635 538 1678 :·
552 1635 637 1689 qnom
660 1619 733 1677 istus
756 1619 902 1676 invenisti.
947 1614 1034 1678 Pera.
1053 1610 1111 1690 ΙΙΙ,
1131 1620 1158 1693 1,
1182 1617 1237 1678 22;
1266 1617 1414 1702 Nassum

260 1731 356 1788 nequo
379 1731 426 1771 me
455 1731 520 1774 esse
550 1716 695 1786 arbitror,
725 1716 818 1791 Quom
847 1729 941 1790 parua
964 1721 1034 1774 natu
1051 1722 1135 1776 recte
1152 1715 1305 1788 praecipio
1327 1715 1418 1788 patri.

259 1807 315 1886 IV,
338 1815 368 1888 4,
392 1814 449 1873 98:
472 1813 564 1887 Quom
588 1819 618 1871 et
640 1813 723 1886 ipsus
746 1815 838 1887 probe
862 1813 1012 1887 perditust
1041 1820 1070 1871 et
1094 1814 1299 1890 benevolentis
1317 1813 1420 1885 perdi-

260 1909 312 1969 dit.
357 1907 438 1972 Rud.
465 1906 521 1983 IV,
545 1911 578 1984 2,
603 1913 638 1972 3:
666 1912 806 1984 Neptuno
832 1943 869 1956 -··
900 1927 954 1983 ago
983 1913 1094 1984 gratias
1115 1941 1159 1964 ν-
1185 1911 1279 1986 Qnorn
1307 1926 1353 1970 me
1382 1927 1420 1969 ex

261 2009 322 2066 suis
356 2009 431 2067 loeis
472 2010 576 2082 pulcre
616 2016 751 2068 ornatum
790 2008 936 2081 expedivit
968 2003 1158 2082 Templisque
1193 2009 1343 2067 reducem.
1388 2012 1419 2081 4,

262 2106 337 2166 132:
366 2106 463 2179 Volup
494 2112 541 2164 est
566 2123 653 2180 onom
680 2107 756 2164 istuc
787 2124 823 2165 ex
850 2108 963 2180 pietate
985 2112 1086 2166 vostra
1107 2107 1190 2165 vobis
1212 2106 1347 2178 coniipil,
1377 2129 1420 2157 ==

261 2199 419 2279 quoniam.
461 2219 490 2266 v,
518 2203 600 2266 let:
634 2221 720 2278 onom
757 2206 816 2264 ista
855 2222 904 2264 res
950 2208 1027 2264 male
1069 2204 1166 2263 euenit
1206 2205 1274 2278 tibi,
1315 2204 1418 2277 Gripo,

260 2305 404 2377 gratulor.
450 2303 486 2374 6,
511 2303 543 2364 3:
571 2319 658 2375 qnorn
685 2307 836 2361 duranni
866 2309 996 2362 nostram
1028 2299 1180 2364 familiam.
1227 2303 1260 2376 7,
1290 2305 1324 2362 8:
1357 2301 1421 2361 Isto

261 2398 319 2459 tu‘s
342 2419 466 2477 pauper,
490 2415 576 2472 qinom
592 2403 677 2460 nimis
702 2399 914 2484 sauotepiu's.
946 2397 983 2476 V,
1004 2404 1030 2476 l,
1055 2402 1088 2461 6:
1115 2400 1200 2472 Quid,
1224 2401 1305 2473 patri
1329 2401 1419 2457 etiam

260 2499 434 2572 gratulabor
456 2516 542 2570 qnam
564 2500 645 2558 illam
661 2499 794 2556 inuenit?
816 2503 845 2572 4,
870 2501 902 2558 9:
926 2514 1012 2570 qnono
1034 2501 1127 2558 istaec
1144 2515 1193 2556 res
1217 2498 1271 2555 tibi
1294 2513 1331 2556 ex
1354 2513 1423 2557 seu-

259 2597 356 2654 tentia
382 2597 488 2654 Pulcra
516 2597 626 2671 euenit,
656 2597 778 2669 gaudeo.
824 2593 915 2657 Truo.
943 2598 976 2669 1,
1008 2598 1037 2672 2,
1062 2598 1118 2656 51:
1141 2611 1227 2667 onom
1254 2601 1285 2652 et
1312 2595 1357 2654 illi
1388 2600 1419 2652 et

262 2694 310 2752 hic
334 2710 494 2767 pervorsus
523 2710 560 2752 es.
591 2691 647 2765 (illi
671 2690 770 2767 Both.¹
793 2698 851 2770 p'ro
874 2691 961 2771 vulg.
985 2695 1061 2766 illic,
1089 2695 1126 2752 ut
1155 2695 1292 2754 metrum
1315 2689 1419 2752 minus

263 2804 411 2866 asperum
435 2787 493 2866 sit,
521 2785 711 2868 quamquam
735 2793 799 2853 illic
824 2797 1012 2878 correptum
1035 2807 1096 2852 non
1119 2782 1257 2852 insoleus
1282 2790 1354 2858 est.)
1378 2784 1420 2863 ΙΙ,

261 2889 291 2954 4,
314 2889 369 2948 33:
392 2889 543 2963 Quomque
567 2889 642 2948 bene
662 2891 826 2962 provenisti
849 2893 939 2960 salva,
964 2891 1086 2962 gaudeo.
1134 2890 1167 2964 6,
1191 2889 1244 2951 35:
1267 2887 1364 2962 Quom
1388 2893 1420 2945 tu

261 2991 345 3044 recte
367 2985 533 3059 marcuisti
561 3003 705 3062 quomque
735 3007 767 3048 es
799 2997 886 3047 aucta
914 2989 1030 3058 liboris,
1055 2989 1214 3058 Gratulor,
1237 3001 1325 3057 quom
1348 2985 1420 3043 milri

261 3084 374 3158 tibique
414 3100 551 3160 magnum
579 3087 722 3158 peperisti
755 3086 845 3145 decus
883 3083 940 3156 (sio
974 3083 1111 3146 alterum
1144 3097 1272 3146 versum
1308 3079 1421 3144 scribit

259 3170 406 3259 Kampm.
429 3180 468 3245 de
492 3183 544 3242 AB
567 3197 674 3260 praep.
698 3200 729 3261 p.
755 3186 804 3257 24,
829 3199 892 3244 seo.
916 3177 1079 3259 Goeller).
1124 3177 1266 3242 Licinius
1289 3176 1421 3241 Imbrex

260 3278 399 3342 Neaera:
423 3281 500 3340 Nolo
516 3296 571 3354 ego
586 3281 733 3340 Neaeram
750 3287 779 3340 te
803 3285 919 3354 vocent,
944 3280 996 3338 sed
1012 3281 1181 3351 Nerienem,
1208 3277 1281 3338 Corn
1303 3279 1420 3350 quidem

260 3378 392 3438 Mavorti
419 3395 449 3436 es
478 3380 508 3437 in
532 3381 688 3440 conubium
716 3379 797 3438 data.
844 3378 970 3440 Terent.
995 3375 1092 3437 Andr.
1116 3373 1159 3452 ΙΙ,
1185 3379 1212 3450 5,
1239 3379 1296 3436 11.;
1320 3377 1419 3447 Facis,

260 3480 293 3532 ut
315 3481 344 3533 te
368 3475 470 3551 decet,
494 3477 588 3552 Qnorn
609 3477 703 3550 istuc,
727 3478 805 3551 quod
827 3479 964 3551 postulo,
987 3478 1105 3548 irrpetro
1128 3491 1193 3532 oum
1216 3475 1324 3548 gratia.
1360 3470 1420 3548 ΙΙΙ,
1522 3541 1523 3570 ,

260 3573 289 3648 2,
314 3573 404 3650 leq-2
428 3573 509 3634 Deos
532 3592 659 3649 quaeso,
683 3583 716 3633 ut
739 3575 778 3633 sit
802 3584 973 3648 superstes,
997 3570 1234 3646 qnarodoqaidern
1256 3573 1353 3644 ipscst
1376 3572 1424 3630 in·
1522 3571 1523 3574 ’

259 3671 346 3743 genio
373 3672 464 3747 bono,
492 3673 642 3748 Quomque
670 3673 756 3731 haiae
793 3676 918 3732 verituri
944 3681 1082 3745 optumae
1105 3670 1292 3729 adulescenti
1316 3665 1420 3729 facere
1522 3701 1523 3731 r

259 3769 406 3829 iniurium.
431 3773 459 3847 5,
486 3773 524 3832 17
531 3789 538 3832 :
562 3771 600 3829 Ei
623 3772 704 3844 mihi,
728 3771 821 3846 Quone
845 3789 902 3828 nou
927 3769 1017 3827 liabeo
1041 3769 1178 3842 spatium.
1224 3763 1279 3842 IV,
1302 3769 1338 3844 4,
1363 3767 1423 3827 32:

259 3866 315 3924 Dis
334 3869 383 3940 pol
400 3868 495 3927 habeo
511 3870 647 3944 gratiam,
669 3870 762 3944 Qnorn
777 3870 805 3926 iu
822 3869 968 3940 pariundo
986 3868 1100 3940 aliquot
1116 3865 1281 3936 adfuerant
1295 3865 1420 3926 liberae.

258 3961 375 4025 Heaui·
397 3961 439 4042 ΙΙ,
461 3969 490 4042 4,
514 3967 547 4026 2:
571 3971 600 4024 te
623 3967 775 4027 -laudo
798 3997 841 4006 -
865 3966 898 4041 ld
933 3973 964 4024 tu
987 3979 1074 4036 anon
1095 3963 1245 4022 sturdnisti.
1290 3959 1420 4023 Phorm.

257 4058 297 4139 V,
320 4064 350 4139 8,
374 4066 428 4124 74:
458 4063 523 4136 Ego
551 4062 683 4137 redigam
711 4081 764 4123 nos
791 4064 822 4121 in
852 4066 992 4137 gratiam,
1024 4063 1079 4120 hoo
1103 4059 1199 4120 fretus
1223 4091 1262 4102 --
1285 4061 1419 4136 Quone

259 4161 357 4221 medio
387 4161 509 4221 excessit
532 4160 611 4219 uude
641 4160 715 4220 haec
746 4167 916 4234 susceptam
940 4161 1007 4233 tibi,
1037 4155 1068 4221 h.
1092 4172 1121 4218 e.
1144 4158 1231 4230 qnod.
1256 4153 1335 4220 Hoc·
1359 4153 1419 4234 111,
