3076 4762
428 197 467 238 DE
482 200 579 242 nome.
593 221 619 230 -
633 201 690 243 lut).
707 203 736 243 lli
751 203 857 246 nunde.
873 202 1037 244 enhaemo.
1260 209 1319 270 117

164 385 193 462 5,
221 389 275 448 ll:
299 388 352 448 Set
374 389 447 462 pecte
468 394 598 466 negotist
619 409 709 467 quom
731 396 766 454 ot
788 410 850 453 rem
872 409 1019 455 suscenses
1041 390 1136 454 mihi?
1160 386 1237 454 esst
1261 388 1317 465 IV,

166 485 193 558 1,
226 487 266 546 37
294 499 356 562 sq.:
389 485 472 555 Suut,
500 491 552 562 qui
581 497 611 551 to
640 493 746 552 colunt
771 498 959 552 conventam.
999 486 1091 568 Epio.
1121 485 1175 557 IV,
1205 490 1233 566 l,
1262 490 1319 551 33:

161 580 235 653 quic
255 585 306 649 est,
328 583 406 656 cuod
427 585 536 660 digitus
560 595 589 647 te
613 589 715 650 turoot
737 590 825 650 tuus?
848 589 908 666 (Ap
932 589 1010 663 quod
1027 589 1148 649 duottus
1170 594 1200 646 to
1215 588 1318 647 turbet

163 684 243 753 tuus,
267 678 318 756 Ag
340 682 409 755 quid
433 690 479 743 est
502 686 581 759 quod
604 687 661 746 duo
684 688 743 748 itus
767 694 796 748 to
813 689 913 747 turbet
928 692 1005 748 tuus.
1030 681 1139 763 Vulg.:
1165 684 1243 758 Quid
1265 688 1320 756 ost,

163 776 240 849 quod
264 780 361 838 voltus
384 787 413 838 te
430 782 532 842 turbat
555 783 644 857 tuus).
668 781 784 846 Pseud.
809 782 835 854 Ι,
852 789 880 863 3,
908 787 963 847 16:
985 787 1029 846 est
1043 781 1182 858 conloqui
1197 782 1249 854 cui
1270 798 1319 842 co-

164 872 231 932 tuut
251 878 292 934 te.
336 892 365 938 v,
393 878 445 939 17:
469 865 534 951 cuis
557 886 600 941 est
628 883 813 955 quimorem
843 885 883 943 mi
905 887 1052 957 occupato
1081 881 1240 941 Molestum
1271 895 1321 952 op-

164 970 256 1030 ueste
277 968 358 1032 Rud·
382 970 423 1046 ΙΙ,
447 979 477 1051 4,
506 981 539 1038 1:
562 980 716 1056 euntque·
738 982 849 1040 uostris
873 987 933 1040 tam
963 986 1102 1053 proterve
1132 973 1246 1038 foribus
1274 973 1321 1047 fo-

161 1068 201 1126 ce't
220 1069 382 1131 iniuriam?
402 1069 529 1137 Terent.
558 1077 655 1140 Andr.
683 1076 725 1156 II,
755 1081 784 1154 6,
819 1081 871 1139 17:
898 1082 949 1154 est,
979 1077 1056 1149 cuod
1082 1079 1229 1137 suscenset
1254 1073 1322 1136 tibi.

162 1161 244 1228 Eun.
278 1164 358 1244 prol.
393 1185 422 1230 v-
447 1173 500 1239 ὅτ,
518 1174 549 1234 st
583 1179 649 1250 quis
683 1180 733 1252 est,
763 1177 814 1249 qui
843 1207 884 1218 —
913 1175 1126 1236 Eece'stumobit.
1157 1169 1183 1250 1,
1207 1174 1236 1248 2,
1258 1171 1316 1232 ot:

161 1262 276 1322 Multae
306 1269 376 1324 suut
403 1285 520 1344 causae,
551 1289 641 1346 quom
671 1275 769 1334 obrem
807 1273 893 1346 cupio
922 1272 1079 1332 abducere.
1111 1268 1170 1349 III,
1201 1272 1228 1345 d,
1266 1271 1319 1332 11:

162 1359 243 1434 Quid
276 1365 318 1420 eii
351 1364 429 1433 quod
461 1370 557 1430 laetus
586 1373 636 1432 es?
674 1368 752 1433 Hee.
780 1366 823 1447 ΙΙ,
855 1371 884 1446 2,
914 1373 967 1432 31;
999 1371 1073 1429 Num
1104 1374 1147 1430 est
1173 1369 1251 1442 quod
1272 1383 1318 1427 me

162 1459 295 1517 transire
319 1461 355 1518 ad
380 1459 475 1522 lorum
498 1467 557 1526 iam
581 1473 701 1543 oportet.
726 1465 763 1544 V,
791 1471 817 1543 l,
846 1472 878 1530 7:
910 1467 990 1543 Ques
1017 1469 1057 1530 sit
1082 1469 1261 1540 quopropter
1288 1468 1318 1523 to

164 1555 222 1614 huc
244 1553 328 1616 foras
350 1550 475 1631 puerum
497 1581 621 1626 evocare
644 1567 727 1626 iussi.

249 1650 398 1730 Inprimis
421 1672 460 1720 ea
481 1659 625 1730 relativa,
656 1676 792 1739 quorum
822 1660 981 1741 generalis
1010 1664 1042 1724 et
1068 1657 1236 1725 collectiva
1269 1661 1318 1722 est

159 1749 356 1832 significatio,
380 1753 565 1822 adsciscunt
599 1758 815 1823 indicativum.
863 1759 942 1822 Eun.
981 1757 1084 1823 annal.
1119 1755 1139 1820 l.
1163 1754 1252 1830 VIII,
1276 1751 1314 1818 fu.

164 1858 201 1919 10
231 1873 282 1934 ap.
312 1854 373 1919 cio.
406 1871 465 1933 pro
493 1855 596 1920 Balbo
626 1861 676 1936 22,
705 1861 763 1921 51:
794 1859 919 1918 Hostem
949 1859 1000 1933 qui
1032 1859 1121 1918 feriet
1158 1857 1229 1916 mihi
1263 1854 1322 1915 erit

159 1956 421 2030 Karthagiuiensis
449 1956 589 2031 Quisqut's
617 1957 680 2018 ortt.
713 1953 817 2018 Plaut.
848 1954 921 2018 Aul.
951 1953 994 2026 ΙΙ,
1023 1959 1053 2025 2,
1074 1959 1129 2016 21:
1157 1955 1221 2030 Ego
1244 1954 1319 2012 istos

159 2053 228 2112 noui
260 2054 396 2127 polypos,
421 2055 472 2128 qui
500 2055 557 2113 sibi
585 2055 728 2130 quidquid
757 2055 914 2127 tetipert'ut
938 2060 1051 2116 tenent.
1097 2049 1212 2115 Pseud.
1236 2047 1261 2128 I,
1287 2051 1316 2128 2,

160 2150 213 2210 36:
237 2157 271 2208 ut
293 2151 418 2223 piscium
441 2150 586 2223 quidcue'd
606 2153 675 2212 ibist
701 2153 801 2226 pretio
823 2153 1017 2226 praestinem.
1041 2149 1138 2214 Poeu.
1161 2148 1199 2227 V,
1218 2151 1247 2226 2,
1265 2150 1320 2210 79;

159 2248 292 2321 quisquis
315 2265 356 2306 es.
381 2245 418 2324 V,
443 2251 471 2325 4,
496 2251 550 2311 30:
574 2251 714 2324 quicquid
737 2252 825 2324 sapit.
848 2246 929 2311 Rud.
953 2247 978 2325 Ι,
996 2251 1025 2325 2,
1050 2251 1104 2310 20:
1128 2249 1183 2308 tibi
1199 2246 1318 2322 quidem

159 2343 271 2418 hercle,
300 2345 432 2416 quosquos
460 2363 499 2416 es,
528 2365 665 2422 magnum
692 2351 808 2408 malum.
839 2343 894 2422 IV,
924 2350 952 2422 2,
984 2350 1040 2409 20:
1067 2346 1212 2420 quidquid
1232 2347 1315 2415 tuest,

158 2443 330 2516 pravequid
347 2445 436 2504 inest.
461 2443 517 2521 IV,
542 2448 570 2521 3,
585 2448 619 2506 7:
644 2447 716 2521 Iam,
740 2445 873 2519 quosquis
895 2463 933 2519 es,
958 2462 1003 2505 mo
1028 2447 1095 2505 odio
1124 2446 1233 2505 enicas.
1261 2440 1320 2532 lv,

160 2546 188 2620 3,
211 2547 268 2606 45:
292 2547 351 2606 Ubi
379 2545 485 2605 demisi
516 2552 580 2602 rete
610 2551 698 2618 atquo
730 2545 858 2615 hamum,
889 2542 1034 2616 quidquid
1060 2543 1155 2603 ltoesed
1183 2546 1319 2605 extraho.

162 2637 256 2704 Truc.
278 2639 321 2714 ΙΙ,
345 2646 373 2720 3,
400 2644 453 2704 30:
477 2642 616 2714 quicquid
637 2642 718 2701 oeult
749 2643 829 2702 intra
856 2644 1003 2715 pessulos.
1038 2638 1080 2716 ΙΙ,
1103 2645 1133 2716 4,
1157 2644 1213 2704 75:
1240 2644 1320 2716 quic-

158 2740 231 2812 putet
253 2747 351 2800 autem
374 2740 438 2806 ecit,
461 2740 531 2799 boni
554 2743 701 2801 consulas.
725 2742 753 2816 t,
771 2743 804 2801 7:
827 2741 915 2799 Domi
937 2739 1075 2813 quecquid
1099 2741 1195 2818 leobet,
1223 2742 1317 2801 verri·

159 2843 211 2897 tur
244 2835 312 2908 ἐξω.
358 2855 386 2900 v.
417 2841 471 2900 37:
502 2839 641 2913 Quisquis
680 2843 735 2896 est.
766 2835 804 2913 V,
827 2853 856 2899 v,
886 2839 921 2898 2:
947 2839 1021 2898 Utut
1044 2839 1117 2898 illuc
1145 2843 1320 2914 acceptumst

158 2933 216 3009 (sic
240 2932 359 3013 Goell.;
392 2941 427 2996 ut
449 2951 512 2997 nou
534 2934 715 3013 gemInatur
744 2933 775 2997 in
807 2930 933 3015 Aepg;
962 2933 1049 3014 vulg.
1082 2941 1231 3009 occeptum
1253 2935 1316 3013 stt).

159 3030 263 3097 Plaut.
289 3031 402 3112 fragm.
433 3031 560 3096 Saturio
589 3049 619 3111 p.
637 3036 710 3105 483,
737 3050 765 3095 v.
798 3037 833 3096 3:
865 3033 992 3093 Rau-'ahi
1023 3035 1172 3108 nequitur,
1202 3050 1317 3107 quoquc

158 3149 317 3208 proccessu
340 3137 383 3194 est
403 3135 503 3194 semel.
530 3128 643 3194 Caecil.
668 3127 748 3193 Stat.
771 3127 810 3191 fr.
834 3127 934 3193 Plocii
957 3128 1098 3204 stssoth.
1117 3128 1164 3208 sl:
1188 3148 1237 3191 res
1252 3135 1321 3191 utut

157 3235 206 3290 est.
234 3228 365 3293 Terent.
379 3230 459 3293 Eun.
483 3228 525 3307 II,
551 3234 578 3304 3,
603 3235 639 3291 4:
663 3231 714 3289 ubi
737 3229 787 3289 ubi
809 3235 864 3292 est.
888 3226 948 3296 ΙΙΙ,
974 3232 1001 3302 l,
1024 3230 1058 3290 8:
1082 3230 1222 3304 quidquid
1238 3227 1319 3288 ioce-

159 3345 233 3388 ram.
270 3326 395 3390 fleant.
419 3326 444 3406 Ι,
470 3331 499 3405 2,
523 3330 577 3391 26:
599 3335 632 3388 ut
655 3336 687 3388 ut
710 3336 783 3390 orat.
802 3325 934 3407 Adelph.
958 3324 1001 3404 Il,
1018 3330 1047 3404 2,
1063 3327 1117 3388 40:
1143 3327 1184 3388 Ut
1196 3331 1231 3386 ut
1245 3328 1319 3388 haec

159 3430 231 3486 suut
253 3432 329 3489 octo.
353 3425 411 3500 ΙΙΙ,
436 3430 464 3504 2,
491 3429 545 3488 23:
571 3427 710 3502 Quisquis
734 3443 775 3487 os:
1059 3457 1063 3460 -

247 3528 276 3586 5.
302 3541 329 3590 e.
373 3525 562 3585 Iudicoticus
589 3525 777 3598 praequestus
808 3525 1069 3585 coniunctionibus.
1123 3520 1210 3586 Nihil
1237 3519 1318 3584 diffi-

160 3620 291 3684 cultatIs
314 3619 434 3685 habeut
456 3621 694 3685 conlunctiones
718 3619 862 3685 causales
885 3621 963 3695 puoot
985 3625 1018 3684 et
1039 3622 1121 3695 puto,
1144 3636 1234 3698 quae,
1257 3617 1318 3683 nisi

156 3716 284 3782 aliunde
319 3725 395 3798 opta
428 3723 479 3782 est
515 3719 705 3797 enuntiatio,
740 3717 946 3782 indicativum
983 3717 1175 3783 adscIscunt.
1211 3716 1314 3782 Plaut.

158 3813 251 3894 Epid.
276 3814 335 3895 ΙΙΙ,
361 3821 388 3892 3,
413 3822 467 3881 33:
492 3819 611 3892 Mirum,
638 3820 693 3879 hoc
712 3819 791 3891 quod
812 3815 871 3891 (sic
893 3817 955 3895 Ap)
975 3819 1073 3891 potuIt
1094 3817 1169 3877 fieri.
1186 3815 1315 3878 Terent.
1361 3857 1363 3860 -

159 3911 238 3976 Hec.
270 3913 329 3992 III,
359 3919 386 3992 5,
419 3918 474 3976 56:
505 3916 583 3992 Que'o
615 3919 735 3990 paulum
770 3917 853 3977 uobis
884 3917 1005 3976 occesse't
1024 3915 1179 3990 pecquae,
1204 3915 1319 3974 Sublati

157 4013 245 4070 animi
269 4020 346 4074 sunt.
392 4010 460 4075 Ind.
486 4016 519 4074 et
542 4009 764 4077 coniunctivus
787 4011 947 4077 coniuncti
977 4011 1081 4075 Plani.
1112 4009 1225 4074 Bacch.
1263 4008 1317 4088 IV,

155 4112 184 4186 4,
208 4111 265 4188 83:
306 4111 472 4171 Ohrnsalus
507 4112 580 4171 mihi
615 4129 708 4187 usque
732 4127 848 4187 quaque
872 4114 1003 4187 loquitur
1027 4118 1198 4183 uecrecte,
1221 4114 1318 4183 pater,

154 4207 232 4282 Quoia
266 4210 322 4267 tibi
353 4226 457 4268 aurum
487 4209 604 4269 reddidi
636 4217 667 4270 ot
700 4210 771 4283 puio
805 4226 863 4268 uon
899 4216 929 4267 te
956 4207 1209 4279 defraudaverim.
1238 4203 1319 4266 Item
