3036 4766
512 159 664 202 neonem
692 159 929 204 PARTIOULARUI.
1201 169 1263 234 325

99 367 192 424 4444,
217 350 294 424 siqui
317 349 485 411 seernfloet.
529 347 593 428 ΙΙΙ,
618 355 651 429 3,
676 355 694 416 3
718 367 770 432 eq:
795 351 905 430 [Nulla
926 352 1009 429 spen]
1029 369 1081 415 444
1095 355 1173 416 41444
1187 345 1264 431 quoe

100 448 234 506 salutem
258 445 394 514 44114444,
419 447 495 523 [Nee
517 451 626 511 seimus
650 467 737 526 quern
757 448 800 524 in]
824 458 940 526 portem
962 453 1080 526 ingredi
1102 471 1264 529 perseque-

100 563 181 604 mur.
227 542 282 623 IV,
306 548 342 619 3,
367 549 425 607 53:
456 547 510 606 Vel
539 549 617 620 quod
647 549 677 608 ln
705 549 779 607 mori
807 563 872 608 nen·
893 537 1025 610 44444144
1053 565 1145 623 mque
1174 552 1265 614 hebet

101 660 249 718 squamos
278 661 315 703 ne
339 643 430 707 feres.
475 641 603 706 Terent.
633 640 731 708 Andr.
761 643 850 722 1,2‚
882 647 915 708 7:
945 647 1002 720 Qui
1027 677 1064 690 -
1093 648 1266 721 Numquam

103 744 267 816 qeoiqoem
292 749 425 802 44444444
449 743 569 802 verbnm
593 741 667 803 leoit
689 758 782 816 44444
804 744 834 802 ld
858 761 948 819 eegre
971 745 1049 804 tulit.
1096 747 1129 821 3,
1156 749 1188 808 l:
1222 747 1268 806 nil

102 841 202 898 looist-
221 841 364 914 segnitioe
391 856 483 912 nenne
510 842 675 901 socordiae.
720 839 800 902 Eun.
823 839 853 918 1,
880 846 911 916 1,
936 845 972 903 5:
1004 842 1051 900 nil
1070 844 1153 915 prins
1174 859 1267 917 44444

103 935 225 997 fornes.
275 934 325 1012 II,
356 941 388 1013 1,
418 939 459 1000 20
486 951 545 1014 sep:
574 939 632 998 hoe
666 956 750 999 44444
786 938 845 998 init
875 941 975 999 Minus
1009 941 1144 1018 ineptus,
1172 943 1266 1017 magle

103 1051 232 1096 severus
256 1039 410 1110 qnisquam
433 1051 486 1095 444
508 1037 600 1110 megin
624 1039 789 1100 continens.
836 1035 951 1099 Heeut.
976 1033 1026 1113 ΙΙ,
1049 1041 1086 1115 3,
1110 1040 1167 1100 73:
1197 1039 1268 1098 Non

104 1132 142 1193 fit
165 1135 229 1194 eine
253 1135 369 1208 periclo
393 1133 508 1196 1441444
531 1149 667 1210 magnum
690 1151 745 1195 ner
766 1135 965 1196 memorabile.

195 1227 216 1294 1.
248 1227 491 1310 componuntnr
514 1247 585 1293 4444
608 1249 660 1292 ero
674 1232 782 1310 verbe,
805 1249 887 1313 qnae
909 1230 1266 1318 alterem'negetlonem

104 1327 143 1390 in
165 1345 200 1391 44
224 1327 352 1405 hebent,
374 1327 475 1392 veluti
498 1331 721 1404 4444444414,
743 1333 873 1409 444444,
896 1330 942 1394 ite
963 1334 1000 1394 44
1022 1327 1055 1393 14
1069 1331 1159 1395 verbi
1173 1331 1268 1398 144144

104 1425 227 1489 iterum
256 1424 395 1506 ponendi
423 1425 526 1492 vicem
548 1426 705 1491 44444444
734 1427 893 1506 porticula
920 1426 961 1507 (v.
991 1426 1093 1492 Hend.
1124 1445 1153 1508 p.
1186 1433 1267 1503 123).

107 1522 213 1588 Pleni.
237 1523 334 1588 Peeo.
362 1523 428 1600 ΙΙΙ,
453 1529 487 1602 4,
518 1529 576 1589 32:
608 1526 762 1604 Neposne,
802 1529 881 1602 epod
914 1537 945 1588 te
980 1545 1046 1590 4444
1081 1545 1186 1591 eurum
1216 1545 1269 1590 444

105 1639 226 1684 servom
251 1623 368 1686 meum?
416 1622 452 1700 V,
476 1627 513 1702 3,
539 1625 592 1686 10:
622 1625 729 1686 Mirari
751 1627 814 1685 noli
835 1641 926 1698 44444
947 1643 994 1686 me
1018 1628 1268 1700 contemplerierl

108 1719 183 1784 Ter.
206 1719 287 1784 Eun.
311 1719 378 1800 ΙΙΙ,
399 1725 435 1798 4,
460 1725 495 1783 9:
518 1739 626 1794 444444
650 1725 723 1783 sotis
746 1725 850 1784 mirari
871 1739 963 1797 reque
986 1727 1133 1786 conicere.

197 1837 226 1898 g.
264 1817 303 1882 In
325 1818 475 1899 negative
498 1819 673 1898 sententie,
697 1819 751 1884 ubi
775 1820 945 1885 disiunctio
975 1835 1035 1900 per
1057 1825 1111 1882 ord
1135 1820 1269 1901 exprimi

110 1922 239 1997 potest,
262 1917 423 1982 interdum
446 1935 499 1977 err
520 1917 664 1995 ponitur,
688 1919 861 1999 negatione
884 1915 1054 1998 duplicate.
1099 1916 1171 1983 Ter.
1188 1919 1268 1984 Eun.

110 2013 151 2093 V,
175 2020 211 2094 8,
234 2019 293 2079 47;
323 2019 417 2090 magio
440 2027 624 2092 opportunus
647 2021 814 2094 pecinegis
838 2037 874 2079 ex
902 2035 956 2080 esu
985 2024 1035 2078 444
1063 2017 1200 2094 Nemori,
1229 2016 1269 2082 de

110 2130 176 2193 qno
199 2113 270 2178 loeo
295 2113 370 2177 vido
393 2113 489 2178 liees.
517 2113 558 2177 ed
585 2113 703 2194 Reisig.
731 2131 760 2195 p.
789 2119 867 2193 409,
898 2114 1003 2178 adnot.
1034 2117 1107 2178 406.
1152 2113 1269 2180 Η4444.

110 2210 143 2289 I,
175 2217 205 2290 1,
242 2218 296 2275 ll:
326 2231 428 2288 egnum
457 2215 503 2272 hie
537 2213 709 2286 regionibns
736 2214 893 2274 Meliorem
922 2229 1014 2286 neque
1042 2214 1122 2287 preti
1146 2215 1268 2275 meionis

111 2328 195 2370 4444
217 2313 317 2384 hebet,
342 2310 426 2388 quod
442 2307 581 2373 Hoesins
605 2325 663 2388 per
685 2309 929 2375 disiunctionem
940 2308 987 2373 ite
1002 2307 1153 2388 explieat:
1177 2325 1271 2373 nemo

111 2407 211 2472 hebet
233 2424 337 2486 neqne
360 2407 523 2472 meliorem
550 2421 655 2486 neque
683 2407 768 2488 preti
795 2407 933 2473 meionis.
978 2403 1114 2485 Adelph.
1145 2405 1209 2485 ΙΙΙ,
1240 2413 1271 2485 4,

114 2511 156 2570 34
179 2523 240 2584 nq.:
264 2522 325 2566 444
347 2510 441 2568 melus
464 2507 567 2579 Neque
587 2507 679 2570 inere.

199 2605 229 2668 h.
269 2604 304 2668 ln
335 2603 520 2668 adliciendis
547 2603 705 2683 negativis
732 2603 913 2683 4444444114,
941 2619 1023 2682 quoe
1050 2601 1159 2681 plures
1187 2604 1272 2679 sunt,

112 2724 207 2779 neque
229 2708 263 2768 et
283 2721 336 2763 nee
358 2702 406 2766 bis
429 2709 461 2765 44
483 2707 534 2766 ter
558 2705 591 2765 et
612 2706 728 2780 qnater
757 2703 831 2782 poni
860 2704 979 2782 potest.
1023 2699 1125 2764 Plent
1155 2697 1271 2763 Pseud.

82 2802 180 2880 ,ΙΙΙ,
205 2807 238 2880 7,
265 2806 324 2866 113
347 2817 413 2879 sep:
753 2813 756 2820 ’

201 2903 266 2976 Ego
288 2919 341 2962 ero
363 2901 596 2975 suoopheotiose
620 2902 776 2974 quiequam
798 2915 854 2975 ogo
875 2915 929 2958 nee
951 2897 1086 2958 melefioe

202 3000 305 3072 Neque
327 3002 415 3059 intem
438 2998 616 3060 Pseudolum
639 2998 775 3059 mortalis
799 2998 849 3070 qni
872 2997 912 3056 414
934 2995 1208 3066 4441444444414.

116 3097 186 3164 Hoc
208 3099 316 3161 eutem
339 3095 408 3160 loeo
431 3099 585 3175 quattuor
607 3091 662 3157 ille
683 3109 737 3153 nee
758 3097 792 3154 44
811 3109 904 3167 oenoe
925 3107 987 3154 non
1011 3095 1086 3154 4444
1108 3089 1140 3150 ἐκ
1156 3085 1273 3168 παραλ-

116 3187 208 3275 λήλου
234 3195 351 3272 posito,
376 3194 432 3258 sed
455 3194 558 3272 priine
588 3189 769 3254 4444414414
789 3189 945 3270 bipertito
971 3193 1022 3252 est
1048 3204 1107 3266 por
1133 3205 1186 3248 ero
1214 3203 1274 3249 ser.

117 3325 160 3336 -
193 3311 245 3354 neo
276 3294 420 3364 44414444,
451 3291 501 3356 eui
528 3288 713 3370 adiungitur
740 3287 797 3353 ille
823 3289 926 3362 Nonne
943 3318 999 3332 ..„
1028 3287 1114 3361 oeni,
1145 3283 1276 3349 ethelo

118 3393 236 3456 iterum
260 3390 328 3454 sine
351 3390 382 3453 vi
405 3387 628 3453 disiunctionie
648 3403 708 3467 per
729 3385 954 3466 repetitionem
976 3384 1100 3449 adnexa
1125 3388 1201 3449 4444
1227 3399 1277 3443 ee-

118 3509 172 3567 444
194 3492 265 3551 eolo.
310 3487 436 3552 Terent.
461 3487 558 3552 Andr.
582 3485 614 3563 I,
639 3491 672 3563 5,
695 3485 737 3547 44
761 3501 822 3562 444
845 3488 1001 3557 Uterque
1023 3501 1069 3543 me
1091 3481 1277 3543 consuetodo

119 3607 212 3663 44444
234 3606 316 3648 eonor
338 3604 432 3660 44444
454 3588 551 3662 podor
575 3587 766 3646 commovent
787 3592 879 3656 44444
902 3587 1097 3658 commonent,
1113 3585 1146 3640 ut
1161 3593 1277 3640 servem

120 3689 216 3749 fidem.
256 3683 323 3748 *Hie
344 3683 409 3748 trio
430 3683 539 3762 priora
559 3699 653 3757 noque
674 3685 751 3744 4444
771 3680 803 3741 ἐκ
825 3672 1020 3759 παραλλήλου
1035 3676 1158 3756 posita,
1182 3691 1275 3755 quor·

120 3790 187 3848 tom
210 3802 302 3859 neone
324 3782 508 3846 adiunctum
529 3785 579 3845 444
594 3779 692 3844 verbo
708 3779 825 3859 prioris
841 3774 1072 3842 4444414414414
1091 3777 1276 3835 coemerent.

122 3880 256 3961 Adelph.
281 3880 311 3960 Ι,
336 3885 370 3959 2,
395 3884 449 3943 61:
481 3881 544 3942 Neo
572 3883 614 3940 nil
636 3895 729 3952 oeqer
756 3879 857 3940 omnio
885 3879 960 3936 hoen
991 3883 1060 3936 4444
1087 3889 1163 3949 quoe
1193 3871 1278 3930 dioit.

122 3980 185 4059 ΙΙΙ,
209 3985 244 4060 2,
265 3984 306 4044 50
329 3996 389 4058 444
413 3979 534 4055 quondo
554 3997 614 4054 ego·
633 3979 754 4038 oonseie
775 3977 849 4036 milri
871 3992 944 4042 snm,
967 3989 986 4033 4
1007 3987 1053 4032 me
1076 3973 1194 4044 onlpom
1209 3983 1279 4027 esse

123 4083 199 4141 hene
223 4083 342 4155 procul,
367 4080 469 4152 Neque
485 4079 615 4152 pretium
638 4091 729 4148 neque
746 4093 807 4135 rem
829 4077 920 4134 ollem
936 4070 1143 4132 1444444441444
1169 4095 1207 4108 -
1230 4065 1279 4122 14-

124 4183 255 4254 dignen,
278 4209 321 4220 --
343 4174 507 4251 Experior,
530 4173 585 4238 nbi
608 4171 710 4236 altere
733 4170 893 4236 sententie
915 4186 974 4248 per
1002 4168 1104 4239 144444
1124 4168 1200 4236 pret.
1230 4157 1284 4221 in-
