3036 4766
497 135 643 176 nocemur
673 135 905 176 ruaurcuuiuuu.
1213 144 1274 204 347

115 325 173 386 63:
207 322 252 382 At
277 326 338 384 ium
366 325 493 400 posthac
524 329 708 400 temperabo.
758 323 885 389 Terent.
917 324 1013 388 Andr.
1042 323 1074 402 Ι,
1105 325 1138 402 2,
1163 328 1199 384 8:
1231 324 1276 383 Aa

116 437 198 481 nunc
219 422 319 485 iaciat.

204 537 229 582 r.
268 518 313 581 At
334 522 406 594 quta
427 517 530 584 Plaut.
554 517 636 582 Rud.
660 515 725 596 ΙΙΙ,
748 525 783 596 4,
811 521 867 582 55:
897 520 942 580 At
967 521 1055 595 quta,
1084 521 1152 596 quia
1179 528 1274 598 votas,

116 621 273 691 utramque
296 621 354 678 iam
378 635 490 678 mecum
514 618 658 677 abducam
681 621 784 680 semul.

206 730 230 776 s.
267 714 313 774 Ar
334 717 441 776 saitem
472 713 574 776 plaut.
596 713 694 778 Mero.
717 712 783 793 ΙΙΙ,
805 719 842 793 4,
866 718 924 778 52:
946 716 991 774 At
1014 716 1117 775 saltem
1146 715 1273 774 hominis

117 810 226 870 faciem
250 815 436 888 exquireres.
1099 855 1104 863 ·

204 911 226 971 t.
262 909 307 969 At
337 926 407 972 uero
440 907 543 972 Plaut.
575 907 646 972 Aul.
676 907 755 988 prul.
784 926 813 971 v.
847 911 901 971 18:
927 910 973 968 At
998 911 1050 970 ille
1078 926 1147 970 uero
1177 911 1274 969 miuus

117 1007 272 1082 minusque
295 1008 444 1083 impendio
469 1009 582 1068 Curare
606 1005 741 1085 (Nonius
764 1024 794 1085 p.
820 1009 899 1084 556,
924 1009 963 1070 53
988 1005 1079 1069 citat:
1103 1006 1202 1079 Atque
1226 1005 1276 1066 ilie

117 1107 207 1174 vcro).

205 1217 235 1263 u.
271 1200 316 1260 At
338 1206 438 1262 tumea
460 1200 559 1266 Naev.
584 1199 756 1266 Tarentilla
778 1200 817 1264 ir.
841 1206 874 1279 2,
897 1217 925 1264 v.
944 1205 993 1264 79.
1033 1197 1159 1263 Terent.
1177 1198 1274 1262 Andr.

116 1295 173 1367 lv,
198 1301 231 1376 2,
259 1301 313 1360 28:
338 1302 438 1373 Dave,
462 1306 493 1360 at
515 1305 621 1360 ramea.
666 1299 733 1363 DA.
760 1301 836 1372 Quid
860 1298 955 1375 ergo?
1001 1294 1066 1360 CH.
1097 1299 1139 1360 Ut
1160 1299 1274 1358 ducam.

117 1393 187 1458 DA.
213 1397 388 1456 Ridiculum.
435 1395 499 1460 CH.
524 1401 590 1458 Huc
614 1397 679 1457 taire
704 1395 811 1458 adme
835 1405 867 1456 ui
889 1399 1009 1473 venias,
1032 1396 1128 1472 siquid
1150 1399 1274 1472 poteris.

119 1491 188 1556 DA.
215 1494 292 1567 Quid
315 1493 453 1555 veniam?
476 1497 518 1555 nil
534 1496 637 1558 habeo.
676 1493 741 1558 CH.
763 1494 920 1554 Attamen
936 1495 1041 1571 siquid.
1078 1490 1276 1570 Premit,

119 1593 150 1668 3,
167 1593 224 1654 25:
250 1595 283 1650 ui
304 1594 422 1652 taudem
446 1597 544 1654 tamea
567 1596 632 1654 Nou
656 1595 762 1668 capitis
786 1594 815 1652 ei
837 1610 886 1652 res
909 1595 1022 1667 egitur,
1047 1592 1099 1652 sed
1122 1593 1275 1666 pecuniae.

204 1691 256 1750 40.
300 1689 348 1752 De
382 1692 465 1763 aqua·
498 1689 571 1754 vide
601 1688 771 1754 Haudium.
832 1687 986 1768 Exempla
1020 1692 1109 1756 sunt:
1146 1686 1276 1752 Catonis

117 1783 393 1864 apophthegmata
416 1786 523 1861 (Lien.
547 1784 602 1866 96)
630 1803 681 1867 ap.
711 1785 791 1850 Ptin.
820 1785 893 1850 hist.
922 1791 985 1850 uat.
1017 1784 1086 1865 XV,
1119 1789 1158 1849 18
1181 1783 1275 1865 (20):

119 1888 279 1960 Interrogo
302 1903 353 1946 vus
378 1916 417 1930 —
435 1887 552 1961 quaudo
575 1888 651 1947 hauc
667 1904 785 1962 pomum
802 1887 950 1959 demptum
965 1886 1078 1959 putetis
1094 1903 1131 1944 ex
1146 1884 1275 1946 arbore?

116 2013 162 2024 —
183 1980 277 2055 Atqui
308 1985 427 2044 tertium
455 2015 497 2026 -
528 1989 597 2044 aute
629 1985 705 2044 diem
736 1986 843 2044 scitote
874 1982 1045 2056 decerptam
1078 1983 1275 2057 Carthagiu03

117 2085 180 2139 tam
203 2096 298 2154 prope
322 2099 340 2140 a
362 2084 453 2142 muris
477 2084 619 2142 hahemus
642 2084 767 2142 hostem.
816 2076 918 2142 Plaut.
943 2077 1030 2142 Asin.
1058 2076 1124 2156 ΙΙΙ,
1155 2082 1188 2156 3,
1217 2081 1275 2140 8οῑ

116 2176 214 2250 Atqui
235 2180 286 2252 pol
310 2179 397 2238 hodie
421 2197 480 2240 nou
507 2179 602 2254 feres,
632 2181 663 2238 ui
690 2195 786 2254 genua
815 2175 1028 2238 couiricautur.
1074 2173 1190 2239 Bacch.
1219 2173 1274 2252 iv,

119 2276 155 2351 7',
180 2277 235 2337 26:
257 2274 355 2349 Atqui
376 2277 434 2336 ium
459 2277 551 2338 dahis.
603 2274 699 2340 Mero.
728 2272 783 2352 IV,
815 2276 848 2350 3,
880 2275 934 2336 28:
961 2272 1058 2347 Atqwi
1088 2274 1274 2336 dicundumst

117 2380 227 2432 temen.
272 2371 354 2437 Rud.
378 2371 443 2442 III,
465 2379 501 2451 4,
526 2378 581 2437 14:
601 2374 699 2446 Atqui
721 2389 835 2432 mecum
866 2371 1052 2445 agundumst.
1099 2369 1183 2433 Triu.
1217 2368 1276 2449 ΙΙΙ,

120 2473 157 2546 3,
184 2472 232 2533 18.
277 2468 406 2533 Terent.
432 2469 527 2534 Andr.
550 2469 597 2546 ΙΙ,
622 2473 655 2550 6,
671 2477 704 2533 4:
727 2469 823 2543 Atqui
838 2469 1033 2543 expectabam
1050 2470 1177 2543 quidem.
1216 2465 1275 2546 111,

119 2569 157 2645 2,
181 2570 237 2630 45:
260 2566 355 2640 Atqui
375 2571 498 2630 hauseio
521 2587 559 2630 an
582 2586 657 2645 quae
682 2570 757 2629 dixit
785 2569 939 2629 sinisera
970 2568 1078 2628 omnia.
1127 2565 1209 2630 Eun.
1238 2564 1275 2640 V,

124 2669 156 2742 1,
180 2669 216 2730 9:
239 2666 335 2739 Atqui
357 2673 442 2728 certo
465 2670 607 2743 comperi.
657 2663 782 2729 Phorm.
806 2663 839 2742 1,
862 2668 897 2740 4,
922 2667 976 2728 26;
1005 2664 1101 2738 Atqui
1128 2682 1201 2739 opus
1230 2672 1276 2724 est
1379 2681 1383 2693 ·

119 2781 199 2824 nuuc
223 2782 310 2839 quom
333 2765 467 2826 maxume
490 2773 523 2827 ut
546 2767 599 2834 sis,
622 2766 762 2840 Antipho.
808 2761 855 2841 II,
884 2768 916 2838 1,
941 2767 997 2826 33:
1021 2761 1117 2836 Atqui
1137 2764 1178 2822 nil
1194 2761 1276 2839 iecit,

119 2871 243 2938 patrue,
272 2864 349 2938 quud
368 2867 562 2924 suscenseas.
619 2861 679 2924 Ad.
708 2860 745 2936 V,
776 2866 811 2937 6,
842 2867 874 2922 5:
903 2871 934 2922 et
965 2861 1020 2921 tibi
1047 2863 1167 2923 Luheus
1200 2862 1275 2922 bene

120 2959 221 3022 faxim.
268 2957 327 3023 sY.
352 2962 484 3022 Gratiam
508 2960 613 3022 haheo.
657 2959 725 3025 DE.
749 2959 859 3033 Atqui,
883 2959 972 3034 Syre,
1000 2960 1066 3018 Hoc
1092 2967 1225 3019 serumst
1247 2965 1278 3019 et

119 3076 154 3117 re
177 3059 243 3132 ipsa
266 3061 431 3133 experiere.

207 3158 259 3216 41.
291 3153 341 3218 De
364 3155 593 3220 coniunctionis
616 3160 715 3215 autem
737 3150 968 3234 significatione
984 3151 1116 3231 eiusque
1131 3169 1193 3216 usu
1205 3151 1277 3215 vide

121 3249 296 3316 Heredium.
348 3251 453 3317 Plaut.
484 3251 599 3333 Amph.
627 3253 707 3333 prol.
738 3269 766 3316 v.
798 3255 855 3315 36:
884 3255 959 3312 Nam
989 3254 1100 3312 iniusta
1130 3251 1167 3312 ab
1190 3253 1277 3311 iustis

121 3353 279 3425 impetrari
301 3370 360 3412 non
384 3353 487 3427 deaut,
511 3356 594 3414 iusta
616 3357 714 3414 aetem
737 3354 773 3412 ub
796 3353 915 3411 iniustis
937 3355 1042 3425 petere
1066 3351 1277 3424 iusipientiast.

122 3463 151 3509 v.
178 3451 253 3511 144:
277 3451 351 3510 Tum
374 3467 439 3512 meu
461 3453 543 3526 patri
564 3456 660 3512 autem
682 3452 798 3512 torulus
821 3450 911 3512 inerit
939 3464 1047 3508 aureus
1071 3447 1131 3508 Sub
1161 3453 1277 3522 petaso.
1391 3488 1396 3495 -

122 3541 189 3623 ΙΠ,
214 3548 248 3624 2,
273 3550 329 3610 2οι
353 3549 430 3608 Heia
451 3553 550 3609 autem
571 3549 730 3610 iuimicus?
774 3543 870 3608 Mero.
894 3541 951 3622 IV,
974 3549 1010 3622 4,
1033 3547 1069 3606 8:
1093 3562 1163 3606 ecce
1180 3549 1278 3604 uatem

120 3645 210 3717 perii.
256 3661 284 3707 ν.
310 3650 364 3711 52:
394 3665 464 3710 ecce
494 3653 592 3709 aurea
620 3649 695 3708 haec
725 3647 806 3706 abiit.
858 3643 954 3708 Pceu.
991 3641 1027 3719 V,
1060 3646 1093 3720 3,
1124 3646 1161 3705 5:
1197 3645 1278 3704 Ecce

121 3745 221 3804 uatem
250 3746 342 3806 malai
388 3744 474 3810 Pers.
498 3744 552 3824 IV,
577 3749 613 3824 2,
637 3745 672 3808 3’;
696 3746 769 3804 Tum
791 3744 868 3804 hauc
892 3743 1039 3817 hospitem
1062 3744 1159 3799 uatem
1183 3742 1279 3816 crepi-

122 3843 194 3903 dula
217 3849 250 3904 ut
271 3846 414 3920 graphice
437 3845 533 3906 decet.
568 3841 649 3906 auu.
666 3838 726 3918 ΙΙΙ,
744 3843 772 3917 2,
789 3845 845 3904 44;
862 3842 973 3900 Iterum
988 3843 1087 3912 autern
1102 3835 1278 3914 imperabo?

121 3938 221 4004 Stich.
245 3938 284 4018 V,
306 3946 341 4017 4,
359 3945 414 4004 50:
438 3945 550 4004 Tecum
565 3943 615 4002 ubi
630 3945 770 4012 catenat,
795 3957 909 3999 mecum
925 3935 987 4013 [ea]
1004 3938 1147 3999 itidemst.
1184 3933 1277 4010 Truc-

122 4037 170 4115 ΙΙ,
195 4043 231 4115 2,
265 4043 318 4102 ll:
348 4043 459 4117 Pergin
483 4042 560 4102 male
589 4041 685 4115 loqui,
712 4039 833 4113 mulier,
864 4032 955 4096 mihi?
999 4032 1088 4100 Asi.
1116 4034 1193 4108 Quid
1222 4033 1278 4094 tihi

122 4156 178 4214 ego
202 4143 299 4200 autem
322 4138 412 4200 dico?
456 4134 571 4200 caecil.
596 4135 675 4201 Stat.
699 4132 940 4215 Syracusiurum
963 4129 1000 4195 ir.
1025 4136 1061 4197 3:
