3048 4770
223 127 290 196 22ss
522 121 583 168 w.
601 123 649 166 XV.
674 123 823 166 ΒΟΟΤΒΙΠΔ
845 123 1097 167 monumemtum.

223 311 285 394 ΠΙ,
307 318 338 393 4,
360 315 419 378 25τ
441 313 538 376 Viden
561 315 706 394 tutuno,
729 331 817 392 qnam
838 315 958 378 inimdeo
986 313 1068 378 voltu
1094 316 1242 376 intuitur?
1284 313 1385 378 Most.

221 410 283 483 ΙΙΙ,
308 417 337 491 2,
366 417 443 476 125:
466 431 526 473 non
550 413 633 474 viden
657 420 689 474 tn
711 415 790 474 hone
813 418 895 475 voltu
916 422 950 474 ut
972 414 1084 474 trintr'et
1099 412 1215 476 senex?
1244 409 1311 476 Mil.
1328 409 1385 490 IV,

225 513 255 590 2,
279 515 336 574 54:
359 512 456 574 Viden
478 517 512 570 tn
534 512 679 586 ignavom,
702 517 736 570 nt
757 527 824 572 eene
841 509 956 571 infert?
999 507 1116 574 Pseud.
1140 508 1178 589 V,
1202 512 1232 590 2,
1255 509 1289 572 7⁸.
1318 512 1385 570 Non

222 609 306 670 vides
330 609 399 668 med
426 610 470 668 nti
498 608 616 668 menide
647 607 802 668 medem?
845 605 1050 686 Rud.11,7,
1076 613 1129 671 lo:
1160 611 1201 669 Δι
1222 609 1305 668 rides
1328 623 1383 681 me,

222 711 346 768 ernotne
369 707 478 767 etnim
502 707 686 768 vestimentis
708 707 813 770 nvidis.
860 703 925 785 111,
949 709 982 786 6,
1008 709 1063 769 31:
1087 707 1185 778 ,then
1206 723 1254 767 me
1277 712 1311 766 nt
1332 723 1385 767 re·

222 803 311 880 pior?
353 801 404 866 Ad
432 799 564 865 eandem
592 814 737 868 normam
759 802 882 868 dietum
910 809 961 870 eet
981 803 1077 868 etiem
1101 801 1135 866 in
1157 803 1287 883 passivo
1310 801 1381 866 Ter.

222 898 339 964 Heaut.
362 898 417 978 IV,
442 903 471 976 3,
497 902 551 964 11:
574 902 662 962 nmini
685 919 801 978 qnoque
824 905 874 964 dee
897 912 944 966 eet
966 904 1148 969 ridendoin
1170 907 1292 964 tutent
1314 921 1384 962 oon·

221 1000 347 1073 locetur,
370 996 455 1078 quod
477 1002 589 1062 oontnt
611 1015 640 1063 v.
659 1002 697 1062 16
720 1015 766 1076 sq.
790 999 911 1066 dictum
934 1004 997 1064 est:
1021 1001 1228 1073 videndumst,
1251 1001 1382 1078 inquom,

221 1097 320 1158 Amiei
343 1111 459 1173 qnoque
481 1115 531 1158 ree
545 1129 589 1140 -
603 1099 634 1158 in
656 1103 722 1158 tuto
744 1106 778 1160 nt
800 1101 984 1160 conlocetur.
1024 1095 1151 1160 Phorm.
1175 1095 1213 1172 V,
1229 1099 1259 1174 8,
1276 1101 1317 1161 93
1334 1115 1380 1178 eq.

220 1191 327 1258 Plaut.
343 1190 425 1256 Rud.
447 1192 611 1274 11,7,34:
639 1197 725 1256 Nune
747 1199 885 1258 lenonem
909 1199 979 1273 qnid
1002 1199 1065 1273 egit
1080 1197 1161 1258 intne
1182 1197 1285 1265 vinem,
1309 1213 1382 1256 oon-

220 1292 315 1354 vivom
338 1309 444 1354 meum.
476 1289 568 1358 Onne.
591 1290 646 1367 IV,
668 1296 698 1371 4,
723 1297 780 1358 34:
805 1295 900 1369 dupio
923 1297 996 1356 dere
1018 1293 1196 1370 mercedem,
1220 1295 1270 1368 qui
1286 1293 1380 1353 illone

219 1391 270 1450 nbi
293 1392 333 1451 eit
354 1397 560 1452 commonstret
591 1393 673 1454 nini.
719 1390 846 1455 Terent·
870 1391 953 1456 Eun.
976 1392 1023 1472 Π,
1046 1398 1080 1472 3,
1106 1396 1162 1455 16:
1190 1393 1278 1452 Nune
1307 1392 1380 1450 Per·

221 1505 319 1562 meno,
342 1495 372 1550 te
395 1489 564 1551 ostenderis
587 1492 637 1565 qni
658 1491 703 1552 vir
726 1493 795 1552 sien
839 1489 944 1554 Plout.
969 1488 1062 1555 Cure·
1084 1488 1123 1567 V,
1147 1495 1177 1568 2,
1201 1493 1255 1556 33:
1281 1489 1382 1562 Qnee·

220 1589 296 1648 rotin
323 1587 509 1648 ehlomudem
541 1595 573 1648 et
602 1589 791 1650 moeheerom
822 1590 914 1665 hono,
948 1593 1027 1652 unde
1054 1591 1092 1650 ed
1120 1605 1166 1648 me
1195 1587 1380 1662 pervenerit.

220 1680 309 1747 Pero.
332 1681 398 1761 111,
420 1690 463 1762 4,
479 1688 537 1748 84:
572 1692 603 1745 et
636 1701 691 1761 ego
719 1689 801 1748 illem
828 1686 913 1764 (nod)
941 1684 1037 1770 Ῑιιιιι)
1062 1703 1189 1762 qnoero,
1213 1700 1290 1761 quoe
1312 1683 1379 1744 fnit.

221 1776 277 1858 IV,
300 1784 330 1856 4,
354 1784 410 1844 83:
440 1787 481 1843 At
503 1799 557 1859 ego
584 1785 771 1858 patriamne
798 1803 871 1860 rogo
898 1803 974 1861 qnee
1005 1787 1045 1846 eit
1072 1792 1134 1846 tne.
1178 1779 1294 1846 Beooh.
1317 1778 1379 1854 III,

222 1879 252 1955 6,
276 1879 331 1940 26:
355 1881 521 1940 Diomede
545 1882 693 1941 hominem
717 1867 767 1958 qni
795 1885 841 1944 sit.
888 1881 942 1962 1v,
966 1887 996 1962 8,
1024 1886 1079 1945 15:
1106 1884 1191 1943 illum
1221 1887 1252 1941 te
1275 1881 1379 1940 inven-

220 1982 318 2036 turum
347 1977 443 2053 qualis
466 1978 528 2038 eit?
571 1975 671 2042 Mero.
693 1977 734 2056 ΙΙ,
761 1983 788 2048 l,
812 1983 852 2043 29
867 1997 928 2062 sq.:
951 1983 1009 2042 nisi
1032 1974 1155 2056 eopr'em
1177 1981 1260 2040 illem
1283 1977 1381 2052 enepi·

220 2091 274 2135 eor
301 2075 364 2134 Iorn
390 2091 437 2134 me
464 2077 613 2137 invenisne
643 2095 718 2152 quoe
750 2081 790 2139 sit
816 2085 868 2139 eut
897 2081 968 2156 qnid
997 2079 1134 2142 voluerit.
1178 2074 1262 2139 Men.
1286 2071 1326 2152 V,
1348 2076 1379 2152 5,

221 2174 277 2235 52;
302 2177 368 2233 tuoe
391 2189 492 2234 nervos
514 2175 583 2235 iube
607 2177 693 2236 Hono
715 2177 753 2237 ed
776 2193 821 2238 mo
845 2175 953 2239 ferent.
999 2173 1096 2240 Stich.
1112 2172 1154 2253 Π,
1178 2175 1207 2252 2,
1231 2176 1285 2235 71ε
1307 2173 1379 2232 intre

219 2269 348 2332 famulor
382 2287 445 2332 rem
479 2274 608 2333 divinam
642 2276 681 2333 mi
717 2276 872 2351 edperent.
924 2272 1013 2337 Men·
1033 2272 1078 2352 V,
1098 2277 1131 2351 9,
1161 2273 1213 2335 24:
1244 2273 1320 2331 Nem
1351 2273 1384 2329 et

218 2371 348 2446 petriam
375 2377 406 2430 et
428 2379 544 2446 petrem
569 2383 801 2434 commemorent
823 2375 938 2449 pariter
957 2376 1010 2449 'qni
1033 2372 1145 2432 fuerint
1168 2371 1233 2431 eibi.
1263 2364 1382 2429 Pseud.

218 2465 274 2545 IV,
286 2472 313 2546 7,
327 2470 385 2531 88:
402 2469 595 2529 Ohlnmndem
611 2471 688 2530 hene
704 2489 908 2533 conmemoree
923 2475 1027 2547 qnnnti
1039 2471 1224 2532 oondnetest.
1244 2463 1312 2528 Mil.
1326 2462 1383 2542 lV,

219 2567 250 2644 2,
272 2569 306 2630 d:
331 2568 388 2640 Qui
410 2575 538 2642 onoupet
564 2583 611 2627 me
634 2565 706 2642 qnid
729 2570 833 2642 egem?
862 2567 961 2632 Mero·
977 2568 1001 2646 1,
1017 2572 1148 2647 l,dsq.:
1172 2567 1253 2640 Quos
1272 2565 1382 2638 edepol

221 2679 276 2738 ogo
299 2664 390 2724 eredo
412 2665 555 2724 homones
578 2667 778 2739 querimoniae
796 2667 861 2726 Non
876 2669 954 2727 tenti
969 2665 1080 2742 fecere,
1103 2665 1174 2741 qnid
1196 2665 1290 2722 velint
1305 2661 1377 2736 qnid

219 2779 278 2822 non
305 2763 407 2823 velint.
457 2758 544 2822 Trio.
573 2760 629 2839 IV,
652 2764 686 2839 2,
723 2765 796 2825 150:
833 2766 858 2824 si
887 2773 916 2823 te
944 2764 1030 2826 floooi
1058 2762 1137 2822 tenio
1166 2779 1204 2822 on
1235 2760 1381 2835 periisses

219 2861 312 2936 prino
356 2855 460 2922 Plaut.
482 2856 608 2938 Frogm.
634 2875 662 2937 p.
685 2863 761 2935 485,
784 2877 813 2924 ι’.
831 2863 893 2926 '132
916 2865 1020 2937 Neque
1049 2863 1234 2920 monerelenn
1256 2858 1379 2928 Lenem,

219 2973 315 3033 neque
338 2957 509 3030 Lenoniom,
532 2958 648 3032 Rogeto
677 2957 770 3021 fuerit
791 2978 846 3021 neo
869 2977 923 3038 ne,
950 2957 1066 3021 flooeid’
1090 2965 1233 3021 nonturno.
1278 2951 1380 3017 Mero.

216 3051 261 3132 Π,
276 3059 307 3132 4,
330 3057 385 3118 15:
407 3053 579 3130 Responde:
605 3075 662 3131 quo
685 3061 746 3118 leto
770 3077 876 3121 eenees
900 3077 945 3119 me
968 3067 1001 3118 nt
1023 3073 1146 3132 peream
1164 3050 1384 3130 potissumum?

217 3150 314 3217 Poen.
338 3150 394 3230 IV,
417 3156 454 3234 2,
477 3157 534 3217 91:
566 3155 640 3214 Vele
666 3161 699 3214 et
724 3155 799 3217 hoec
829 3175 903 3218 euro
931 3158 1099 3217 elonenlnm
1132 3159 1165 3214 nt
1196 3153 1257 3212 sint
1286 3149 1381 3212 dioto.

216 3247 305 3313 Pero.
329 3248 385 3327 IV,
409 3253 436 3326 3,
460 3255 517 3314 54:
541 3255 616 3312 Eam
639 3258 669 3312 te
691 3257 758 3314 volo
779 3273 884 3316 oerore
907 3261 941 3317 ιιι
962 3257 1032 3315 istie
1055 3258 1193 3313 vaeneat.
1227 3245 1311 3310 Rue.
1324 3244 1381 3320 IV,

216 3351 326 3422 tot:
355 3349 427 3422 quid
450 3358 480 3408 ιιι
504 3367 550 3410 me
578 3367 665 3411 ennon
687 3353 757 3426 qnid
780 3371 879 3412 rernm
909 3351 1033 3427 genem?
1079 3347 1176 3412 Truc·
1200 3344 1244 3424 ΙΙ,
1268 3351 1298 3419 2,
1322 3347 1382 3407 62:

216 3446 328 3507 Verum
355 3463 409 3521 ego
434 3447 531 3522 illurn,
564 3465 732 3524 quenquam
754 3452 930 3520 violentnet,
953 3467 1042 3525 spero
1066 3449 1177 3508 meteri
1199 3451 1300 3520 potest
1323 3439 1383 3517 (sio
1500 3463 1501 3484 ι

215 3542 363 3622 Kampm.
393 3542 433 3606 de
458 3545 520 3608 AB
552 3561 581 3624 p.
609 3550 663 3619 11,
692 3545 797 3610 adnot.
823 3546 876 3626 3.).
922 3545 1052 3610 Terent.
1089 3543 1188 3608 Andr.
1212 3540 1261 3620 Π,
1285 3545 1319 3617 3,
1343 3544 1382 3603 4:
1500 3585 1501 3588 ι

215 3643 301 3704 Prius
324 3661 411 3718 quom
435 3651 525 3718 tuom,
548 3652 582 3704 nt
603 3661 669 3706 eone
690 3648 809 3721 hebent,
834 3650 962 3707 onimnm
985 3647 1024 3706 od
1041 3646 1162 3720 nuptias
1176 3640 1381 3717 perspexerit.

216 3735 351 3819 Adelph.
376 3739 413 3819 V,
435 3746 471 3820 4,
495 3745 549 3805 2οτ
572 3744 659 3802 Illum
682 3751 715 3803 nt
735 3746 817 3805 vivet
838 3751 953 3819 optent.

305 3841 352 3900 10.
396 3836 542 3901 Alterum
565 3845 625 3918 est,
648 3843 685 3903 ut
705 3859 799 3901 neom
820 3845 982 3903 montom
1002 3845 1110 3916 εροοιει
1131 3839 1171 3898 nd
1185 3837 1263 3896 done
1284 3851 1381 3896 enon·

216 3939 356 4000 dationes
392 3935 425 3997 ἒκ
461 3930 661 4016 παραλλήλου
691 3941 810 4012 poeitae
837 3939 883 4002 ite
913 3946 951 4002 ut
977 3939 1008 4002 in
1044 3936 1147 4002 altere
1181 3931 1379 3999 nominativo

216 4053 293 4100 enen
316 4034 357 4100 eit
379 4034 566 4100 addendum.
599 4033 704 4098 Huius
728 4053 816 4116 unus,
841 4035 895 4116 qui
917 4038 1001 4118 opud
1015 4036 1166 4102 ¹Grroecos
1189 4031 1290 4096 multo
1313 4028 1377 4092 fre·

215 4132 364 4212 quentior
387 4139 438 4198 est
462 4136 503 4210 (v.
528 4132 645 4196 Bernh.
669 4151 698 4214 p.
721 4139 795 4214 468,
819 4135 874 4214 qui
896 4133 989 4200 offert
1011 4135 1096 4199 inter
1118 4133 1181 4198 elie
1202 4136 1256 4194 και
1276 4149 1308 4192 τε
1322 4121 1374 4186 διὰ
