3048 4770
245 137 306 200 222
537 129 601 171 ΟΔΡ.
614 131 660 170 XV.
689 129 835 170 DOCTRINA
849 128 1102 170 suuncinnionutt.

239 319 265 400 Ι,
290 325 319 399 2,
342 325 377 386 4:
400 323 542 394 Mirabar,
568 323 623 382 hoe
645 321 673 382 si
695 321 738 382 sic
761 323 874 384 abiret:
899 325 931 381 et
946 322 991 380 eri
1008 337 1129 396 semper
1144 323 1253 381 lenitas
1267 317 1403 380 Verebar

238 436 379 494 quorsum
402 420 551 481 evaderet
576 416 744 496 lv,1‚ao:
768 435 824 478 nec
847 425 877 480 te
900 419 994 493 quivit
1020 418 1110 480 hodie
1134 435 1241 494 cogere
1266 418 1349 477 illam
1369 417 1404 474 nt

239 518 374 578 duceres.
419 515 524 579 Plant.
548 513 639 593 Oapt.
665 513 706 594 ΙΙ,
731 519 760 593 3,
783 515 838 578 65:
862 509 960 590 Magis
981 533 1041 576 aaa
1057 515 1168 578 iuctnru
1189 532 1310 591 possunt
1326 513 1403 573 veile

239 632 326 689 qnam
350 632 443 689 opera
470 615 609 690 experiar
634 615 785 690 persequi.
831 609 957 676 Lamb.:
987 611 1095 692 „ordo
1125 618 1191 677 est:
1218 614 1285 674 Non
1309 611 1403 683 magis

238 729 359 787 possum
390 710 502 773 iactum
530 707 638 773 velte.“
687 708 778 774 Adeo
812 715 841 771 ct
865 710 1081 790 postpositum
1110 713 1160 774 est
1187 707 1286 776 verbo
1316 705 1400 770 Rud.

239 806 319 888 prol.
366 825 395 874 v.
421 811 563 872 7:1nuer
591 811 725 870 mortuiis
748 809 866 870 ambulo
890 805 932 888 [et
953 807 1021 885 ego]
1051 811 1199 873 interdius
1227 803 1403 870 seeundum

238 904 493 970 emendationem
514 904 718 970 Lachmanni.
958 963 964 968 .

322 1007 352 1068 8.
397 1004 652 1066 Auocolatteram
675 1001 819 1082 exempla
842 1002 1158 1068 commemoravimus
1181 1000 1247 1066 vol.
1270 998 1297 1079 1,
1312 1017 1342 1080 p.
1361 1002 1401 1065 30

236 1099 315 1166 haec
348 1100 428 1166 duo:
463 1100 534 1166 Ter.
569 1101 650 1164 Eun.
686 1097 765 1179 prol.
811 1118 841 1162 v.
870 1105 909 1163 10
938 1103 972 1164 et
998 1098 1076 1164 Heu.
1114 1098 1173 1178 111,
1200 1103 1225 1174 1,
1252 1101 1281 1175 6,
1304 1095 1346 1160 ib.
1369 1113 1402 1176 p.

238 1204 296 1264 381
326 1197 430 1262 Plani.
459 1198 577 1263 Pseud.
606 1198 630 1276 1,
659 1203 688 1277 5,
720 1202 769 1262 58.
813 1199 863 1262 Ad
891 1195 1119 1264 anacoluthon
1134 1196 1275 1276 pertinet
1299 1193 1400 1260 etiam

235 1300 392 1376 edoardo,
426 1311 489 1377 qna
519 1294 728 1361 secundariae
759 1296 906 1362 notiones
943 1314 1015 1362 cum
1046 1294 1201 1375 primaria
1235 1295 1268 1360 in
1303 1311 1399 1358 unam

236 1394 398 1458 notionem
427 1398 675 1470 connectuntur3
707 1392 832 1473 reliqua
861 1394 945 1458 enirn
973 1410 1093 1473 genera
1119 1391 1335 1470 attractionis,
1365 1391 1399 1454 in

235 1491 422 1572 praedicato
454 1493 493 1567 (c.
522 1487 591 1568 VII,
617 1495 646 1555 3.
690 1490 781 1571 ΧΙΙΙ,
812 1491 846 1566 4)
877 1495 910 1556 et
940 1491 973 1554 in
991 1507 1080 1571 prun.
1109 1488 1245 1554 relativo
1269 1489 1311 1554 ad
1334 1489 1399 1553 sin-

235 1589 311 1670 gula
333 1594 458 1653 tantum
481 1588 637 1653 vocabula
663 1589 833 1669 pertinent.
880 1587 933 1654 Sic
960 1587 1089 1652 Terent.
1118 1587 1245 1652 Phorm.
1273 1586 1335 1665 ΙΙΙ,
1370 1591 1398 1665 l,

236 1691 291 1751 16:
322 1689 364 1750 Ut
393 1689 474 1748 aibat
502 1690 546 1748 De
575 1690 638 1749 eius
667 1690 793 1749 consilio
820 1707 886 1750 sese
917 1691 993 1749 velie
1021 1686 1122 1748 tacere
1150 1688 1231 1762 quod
1256 1688 1297 1749 ad
1320 1688 1398 1746 hauc

125 1827 129 1836 «
234 1804 297 1846 rom
325 1788 442 1846 attinet.
492 1783 585 1847 Alius
608 1782 734 1863 generis
757 1787 807 1848 est
822 1783 924 1848 Plana.
971 1783 1067 1848 Mero.
1083 1783 1138 1864 IV,
1156 1789 1184 1862 5,
1203 1787 1235 1846 1:
1259 1786 1398 1858 Eraquo

232 1901 280 1944 me
304 1885 394 1956 misit,
419 1883 456 1942 ud
478 1890 605 1959 patrem,
629 1901 687 1944 non
710 1891 757 1943 est
779 1884 867 1944 domi.

293 1984 321 2043 9.
347 1978 396 2042 nd
407 1977 589 2042 formandas
603 1980 823 2042 emundationes
834 1982 1002 2055 primarias
1016 1978 1102 2058 quod
1117 1977 1249 2057 attinet.
1259 1975 1323 2041 trin
1340 1993 1396 2056 po-

231 2076 388 2140 tissimum
404 2075 557 2140 idiomata
572 2077 849 2140 commemoranda
865 2081 948 2156 sunt,
965 2077 1114 2156 primum,
1139 2075 1193 2140 ubi
1217 2074 1396 2140 subiectum

232 2173 464 2238 enuntiationis
473 2173 680 2239 secundariae
689 2178 832 2240 mutatur
841 2176 873 2239 in
882 2175 1042 2240 obiectum
1050 2174 1232 2253 primariae,
1246 2172 1396 2250 alterum,

231 2271 286 2336 ubi
302 2290 398 2336 unum
411 2273 589 2338 subiectum
604 2272 745 2352 pertinet
755 2272 796 2336 ad
812 2272 892 2337 duas
907 2271 1158 2350 enunciationem
1174 2270 1396 2352 quassantia

229 2365 426 2450 παραλλήλου
438 2371 571 2452 positae,
583 2369 641 2434 sed
652 2369 698 2434 ita
713 2374 749 2433 ut
764 2370 796 2433 in
811 2370 915 2435 altera
926 2371 1118 2434 nominativo
1131 2387 1208 2435 casu
1221 2369 1263 2436 sit
1274 2367 1394 2432 intelli·

229 2467 378 2548 gendum,
387 2469 527 2546 tertium,
539 2467 594 2532 ubi
603 2467 692 2532 iuxta
699 2472 862 2547 ponuntur
871 2469 954 2534 duae
967 2467 1207 2533 enuntiationes
1219 2465 1394 2547 primariae

228 2564 285 2643 ita,
301 2569 338 2628 ut
350 2563 494 2639 plurimis
509 2565 543 2628 in
554 2564 633 2628 locis
648 2563 809 2643 obliquam
825 2566 933 2645 potius
946 2565 1199 2630 enunciationem
1213 2569 1393 2642 exspectes.

228 2661 371 2725 Primum
386 2656 486 2742 igitur
501 2665 683 2741 spectemus
696 2679 768 2725 enm
786 2679 888 2742 usum,
909 2681 972 2742 qno
991 2665 1155 2726 subiectum
1174 2663 1393 2724 mundatiores

228 2761 424 2824 sensadoniae
433 2764 568 2822 mumius
578 2760 612 2820 ia
623 2751 766 2822 obiectum
777 2763 1065 2838 maacprimuaa’oe,
1077 2760 1132 2840 qui
1147 2759 1318 2826 admodum
1329 2757 1393 2823 fre·

229 2875 330 2938 quens
358 2861 408 2922 cst
440 2857 584 2939 inprimis
615 2857 700 2936 apud
723 2857 873 2926 Plautum
896 2863 931 2923 et
951 2858 1144 2924 Terentium.
1190 2855 1270 2922 Cato
1292 2857 1330 2920 R.
1353 2856 1391 2918 R„

227 2973 255 3020 c.
283 2962 318 3020 4:
347 2959 409 3019 Eos
436 2961 571 3020 surculos
602 2958 694 3020 facito
722 2960 782 3020 sint
809 2960 892 3033 longi
920 2958 1013 3034 pedes
1035 2959 1131 3020 binos.
1184 2954 1218 3019 G.
1248 2957 1284 3018 8:
1305 2956 1389 3020 ,isaeo

226 3055 321 3116 facito
343 3058 559 3142 utiscrantur,
582 3054 636 3119 nbi
661 3058 735 3116 inec
755 3053 957 3118 accusativus
980 3058 1040 3132 est,
1063 3059 1100 3118 ut
1122 3072 1161 3118 cx
1188 3050 1391 3133 praegressis

226 3157 327 3232 patet,
352 3171 487 3233 quorum
510 3153 671 3232 appositio
694 3156 751 3216 est.
787 3149 1016 3216 schneiderus:
1040 3151 1111 3230 „Ad
1133 3149 1243 3232 plures
1258 3167 1389 3214 accusa-

225 3251 307 3314 tivos
330 3253 423 3324 surdo
444 3247 557 3314 referri
579 3249 686 3328 debet,
709 3265 798 3314 more
818 3248 960 3327 antimo,
983 3265 1076 3328 quem
1100 3247 1258 3314 Plautinis
1281 3265 1389 3312 exem·

225 3345 287 3428 plis
309 3347 419 3411 multis
441 3344 615 3411 illustravit
637 3346 811 3426 Gesnerus,
833 3345 965 3409 laudata
987 3345 1084 3410 etiam
1106 3345 1227 3411 Sanctii
1242 3345 1389 3408 Minerva

226 3461 298 3508 cum
321 3445 406 3507 uotis
428 3442 586 3507 Perizonii
614 3443 656 3522 ΙΙ,
680 3448 710 3523 5,
734 3449 762 3508 5.
785 3443 903 3508 Atticis
926 3441 1038 3507 eadem
1065 3444 1148 3507 ratio
1178 3443 1304 3509 dicendi
1326 3443 1390 3508 fnit

224 3539 421 3606 familiaris.“
465 3539 498 3605 O.
524 3545 577 3605 18:
601 3545 786 3619 superiorem
809 3549 926 3618 partem
954 3545 1094 3603 arborum
1124 3543 1233 3616 digitos
1264 3559 1318 3602 sex
1345 3547 1388 3604 al·

224 3650 284 3702 tam
308 3641 399 3701 tacito
422 3648 455 3700 ut
477 3642 543 3701 siet.
588 3636 623 3704 Ο.
648 3644 705 3703 32:
730 3643 853 3701 Vineam
876 3643 919 3702 sic
943 3639 1034 3700 istite
1057 3642 1102 3700 uti
1118 3649 1256 3711 curetum
1277 3637 1311 3701 O·
1327 3644 1387 3702 41:

223 3741 286 3801 Eos
313 3743 448 3800 surculos
478 3737 571 3799 inuito
599 3740 659 3800 sint
686 3739 766 3813 longi
794 3739 889 3813 pedes
917 3733 1011 3798 binos
1057 3735 1091 3800 0.
1116 3741 1172 3800 76:
1196 3738 1386 3812 (iussumque

222 3853 281 3914 per
304 3837 434 3897 cribrum
457 3835 549 3896 ducito
571 3841 706 3896 transeat
728 3836 758 3896 in
773 3838 957 3897 mortarium.
988 3831 1023 3897 C.
1043 3837 1119 3898 133:
1141 3837 1187 3896 Eo
1203 3835 1292 3896 mode
1308 3835 1389 3909 qnod
1503 3845 1504 3922 ᾗ

222 3936 266 3995 vis
289 3951 382 4009 genus
405 3935 542 3994 arborum
566 3931 667 3994 iacere
689 3935 814 4009 potaris,
839 3938 881 3994 uti
903 3933 1022 3994 radices
1038 3935 1114 3994 bene
1131 3935 1271 3994 habeant
1296 3930 1332 3994 G.
1349 3936 1387 3995 ὃς

221 4029 306 4108 prius
329 4034 429 4092 villum
451 4033 551 4092 videm
574 4034 678 4092 clausa
699 4035 743 4091 nti
765 4033 832 4094 siet.
875 4029 1027 4094 Fortasse
1050 4033 1176 4108 spectat
1199 4029 1262 4093 huc
1286 4030 1384 4093 ertum

222 4145 249 4192 c.
272 4133 326 4192 38:
350 4131 451 4205 Ignem
474 4136 579 4189 caveto
603 4148 639 4187 ne
663 4131 845 4189 intermittas
868 4132 938 4204 quin
962 4146 1081 4204 semper
1104 4131 1153 4192 sit.
1198 4126 1279 4192 Cato
1294 4126 1381 4207 apud
1502 4181 1503 4206 ,
