3090 4768
606 1356 886 1458 Praefatio.

660 1582 828 1590 ——---·-

255 1715 365 1782 Pauca
389 1721 479 1788 sunt,
501 1733 584 1798 quoe
607 1717 648 1784 nd
670 1717 731 1784 hoc
753 1717 890 1784 alterum
914 1717 1062 1783 volumen
1083 1714 1224 1798 praeferi
1246 1731 1329 1796 opus

164 1828 229 1891 est.
276 1825 314 1891 In
337 1825 563 1894 consecutione
586 1833 766 1910 temporum
791 1831 824 1894 et
846 1829 879 1894 in
901 1825 1131 1895 constituendis
1154 1825 1328 1908 generibus

161 1934 364 2002 coniunctiui
386 1941 516 2004 secutus
543 1955 614 2003 sum
635 1939 818 2019 Etzlernm,
848 1955 911 2019 quo
941 1953 1033 2004 nemo
1055 1954 1212 2018 unquam,
1242 1933 1328 2016 quod

163 2041 365 2113 confidenter
386 2045 517 2128 affirmo,
541 2049 654 2115 melius
670 2055 704 2114 et
718 2050 869 2116 subtilius
884 2049 924 2114 de
946 2047 997 2114 his
1019 2047 1116 2113 rebus
1131 2045 1329 2127 disputavit3

163 2156 305 2237 exempli
328 2175 425 2224 censo
452 2175 665 2225 commemoro
693 2165 877 2227 accuratam
904 2156 1121 2225 definitionem
1150 2163 1183 2223 et
1210 2154 1322 2222 distin·

163 2265 323 2345 ctionem,
346 2285 442 2348 quam
455 2267 510 2336 ille
524 2267 609 2351 iecit,
633 2271 827 2337 coniunctivi
843 2269 1065 2336 conditionalis
1081 2273 1115 2333 et
1130 2266 1323 2349 potentialis.

165 2375 206 2440 In
237 2378 467 2458 particularum
499 2378 647 2446 doctrino
677 2381 785 2447 dicere
816 2399 878 2447 non
910 2397 1041 2463 possum
1072 2383 1226 2459 quantum
1251 2375 1330 2442 mihi

165 2485 326 2567 profuerit
343 2487 461 2554 Hendii
483 2505 598 2572 opere,
628 2508 723 2573 quem
739 2491 773 2558 in
794 2490 1012 2559 describendis
1039 2485 1327 2571 significationibus

165 2601 204 2662 et
236 2597 465 2666 distribuendis
498 2601 671 2684 generibus
709 2602 919 2684 plurimorum
960 2600 1209 2683 particulorum,
1243 2616 1327 2681 quoe

164 2707 297 2790 quidem
330 2709 371 2774 ab
405 2727 444 2777 eo
478 2715 636 2778 mctctae
664 2717 774 2792 erent,
807 2717 939 2780 secutus
969 2730 1048 2779 sum.
1100 2709 1138 2775 In
1167 2709 1329 2776 nonnullis

164 2822 292 2899 tamen,
326 2837 408 2902 quae
441 2819 482 2888 ab
504 2821 631 2888 Handio
664 2823 711 2889 ite
735 2827 894 2891 tractatae
922 2826 1030 2904 erant,
1060 2827 1098 2887 ut
1118 2819 1213 2902 nihii,
1243 2819 1330 2901 quod

164 2929 276 3010 magni
308 2931 462 2998 momenti
496 2936 601 3014 esset,
633 2933 674 3000 iis
706 2933 824 3000 rddere
857 2951 1001 3015 possem,
1036 2933 1114 2999 setis
1143 2931 1241 2998 habui
1263 2949 1329 2998 uno

162 3035 334 3106 duobusve
358 3041 514 3124 exemplis
536 3042 644 3110 allatis
672 3043 787 3110 herum
815 3061 923 3110 rerum
952 3043 1113 3110 studiosos
1143 3042 1183 3108 ad
1210 3039 1330 3108 Hondii

167 3150 287 3216 librum
310 3151 461 3235 allegare.
507 3153 594 3219 Raro
616 3159 741 3221 tantum
768 3155 873 3236 locos,
897 3171 977 3236 quos
1003 3171 1068 3219 non
1097 3153 1166 3233 ipse
1192 3152 1330 3224 lectione

164 3279 239 3327 mec
259 3259 466 3342 invenissem,
491 3281 529 3330 eu
551 3263 670 3330 Hendii
692 3263 774 3331 libro
790 3265 936 3346 opposui,
959 3282 1064 3347 neque
1079 3267 1196 3340 tumen,
1220 3263 1329 3343 siquos

163 3387 186 3437 a
207 3389 259 3436 me
273 3372 421 3440 inventor
443 3374 484 3440 cb
499 3373 626 3441 Handio
641 3374 703 3441 inm
720 3379 895 3457 occupatos
910 3374 1193 3457 deprehenderem,
1209 3371 1328 3439 ideirco

164 3499 222 3548 eos
244 3479 360 3550 offerre
382 3483 487 3566 nolui,
509 3483 591 3553 toler
613 3485 821 3568 praesertim,
843 3486 1028 3568 inquibus,
1056 3501 1140 3566 quoe
1163 3487 1251 3550 esset
1271 3499 1330 3550 uc·

161 3597 241 3658 tura
266 3599 366 3675 atque
394 3592 584 3677 significatio
611 3596 809 3678 particulae,
835 3596 972 3662 maxime
1004 3595 1177 3679 perspicua
1203 3593 1329 3661 notione

162 3709 348 3785 appareret.
395 3704 547 3788 -Denique
575 3706 816 3774 enunciationes
844 3707 1123 3789 interrogativas,
1146 3721 1229 3787 queo
1258 3703 1331 3771 sine

162 3817 242 3880 nota
262 3813 525 3898 interrogationis
547 3813 804 3899 sunt-‘prolatae
827 3819 1027 3886 accuratiore
1050 3815 1272 3900 disquisitione
1295 3817 1334 3880 et

161 3923 358 3992 tractatione
372 3926 484 4009 dignes
500 3927 620 4009 putori,
633 3943 728 4010 quem
744 3943 827 4008 quae
842 3946 944 4011 usque
959 3927 1063 3994 adhuc
1078 3945 1098 3993 c
1113 3923 1330 4009 grammaticis

162 4033 203 4101 iis
224 4035 390 4118 impertito
411 4043 470 4103 est.

250 4146 472 4214 commemoro
493 4145 660 4225 nonnulle,
683 4162 774 4229 quee-
789 4147 822 4213 in
844 4147 952 4230 priore
968 4143 1252 4214 volumine'addita
1273 4141 1327 4209 roi

160 4275 182 4324 e
203 4257 413 4341 typographis
435 4263 543 4325 errata
567 4256 737 4326 emendem
763 4257 869 4324 veiim.
913 4257 1076 4342 Exemplis
1099 4277 1130 4342 p.
1154 4263 1193 4325 39
1216 4250 1326 4322 allatis
